3850 5317
473 394 558 498 366
706 391 786 472 Dia
818 390 1093 475 Eccinsia
1124 390 1473 475 Pnnociirriii

409 539 538 621 culum
566 536 630 641 pio
656 562 813 619 munere
838 540 1004 638 obtulit,
1029 541 1133 639 cujus
1160 540 1341 619 virtutem
1370 538 1514 640 prorsus
1535 534 1751 625 mirabilem

407 638 450 718 in
476 640 683 741 effugandis
709 640 851 720 morbis
876 639 1086 743 frequentia
1112 641 1314 721 sanitatum
1343 637 1527 719 beneficia
1548 637 1752 722 testantur.

461 741 680 821 Marmorea
714 768 798 827 arca
825 742 1011 823 inclusum
1039 744 1182 822 sactum
1218 767 1352 843 corpus
1380 738 1476 818 Divi
1504 740 1681 820 Nichetae
1706 768 1756 823 eit

409 841 626 921 Gothorum
653 866 766 959 gente
793 843 1030 923 celeberrimi
1059 844 1244 943 Martyris
1271 845 1310 922 in
1338 844 1408 922 hac
1434 841 1600 921 Ecclesia
1618 843 1755 939 adeius

407 941 541 1022 Altare
568 943 789 1044 requiescit,
815 944 920 1043 cujus
947 946 1202 1025 translationis
1228 944 1330 1040 asia,
1357 946 1419 1023 vel
1445 967 1495 1022 ex
1520 943 1586 1022 iiio
1612 943 1758 1024 iaScri·

406 1063 561 1143 ptorum
587 1045 775 1124 oblivioni
806 1048 974 1144 tradita,
1011 1046 1072 1125 vel
1110 1072 1210 1124 anno
1236 1044 1414 1148 pestiferae
1440 1044 1514 1124 luis
1592 1068 1755 1126 uuxxvt.

409 1167 486 1222 una
511 1171 615 1225 cum·
637 1147 783 1247 reliquo
809 1147 983 1227 Ecclesia
1010 1146 1181 1226 Archivo
1206 1149 1380 1249 sacraque
1415 1144 1493 1246 ejus
1529 1146 1755 1248 supelieuiii
1880 1224 1883 1237 ,

405 1245 567 1421 publica
594 1246 760 1328 sanitatis
792 1249 936 1328 intuitu
973 1250 1160 1345 flammis,
1186 1249 1310 1328 dedita
1347 1273 1485 1349 opera,
1509 1246 1664 1328 fuerunt
1691 1250 1755 1329 ab·

426 1370 488 1422 um
517 1370 575 1424 ta.

357 1466 366 1484 ·
510 1447 646 1549 artyris
671 1450 862 1530 clarissimi
900 1452 1101 1554 paffionem
1129 1451 1255 1552 plures
1282 1470 1365 1530 tum
1391 1472 1437 1532 ex
1464 1449 1639 1548 Gracis,
1671 1469 1755 1531 tuni

404 1570 453 1629 ex
479 1549 625 1631 Latinis
651 1552 903 1652 Scriptoribus
940 1554 1076 1635 litteris
1103 1554 1376 1633 demandarunt
1403 1578 1416 1648 3
1453 1558 1509 1629 Ex
1537 1553 1596 1631 liis
1624 1555 1755 1631 Petrus

405 1648 602 1730 Galesinus
628 1650 668 1731 in
697 1656 762 1732 suo
785 1655 1069 1755 Martyrologio
1095 1654 1142 1734 ad
1166 1655 1268 1735 diem
1296 1655 1483 1734 decimam
1510 1654 1678 1756 quintam
1688 1654 1753 1731 Se·

301 1816 305 1823 .
403 1752 589 1852 ptembris
627 1753 745 1831 vitam
783 1756 862 1851 ejus
887 1756 1169 1856 quodammodo
1207 1755 1247 1835 in
1274 1756 1542 1857 compendium
1569 1752 1753 1833 redaslans

405 1849 456 1928 fic
483 1849 617 1930 affert:
640 1854 722 1931 “ln
749 1856 893 1935 Graecia
920 1858 954 1936 S.
979 1857 1129 1937 Nicetae
1155 1857 1214 1936 Μ.
1242 1858 1317 1937 Hic
1344 1858 1496 1937 Gothus
1523 1855 1761 1952 nobilitate,

408 1950 484 2045 „dc
512 1952 658 2066 divitiis
686 1956 824 2034 florens
850 1959 1081 2074 Imperatore
1092 1958 1348 2040 Constantino
1361 1959 1534 2075 Magno,
1559 1956 1647 2036 fidei
1674 1980 1760 2057 prae·

406 2054 835 2165 „ceptisa'sheophilo
856 2059 1128 2160 religiosissimo
1139 2062 1325 2162 Episcopo
1337 2061 1646 2154 imbuitur3eutu
1657 2056 1764 2137 enim

405 2176 487 2249 „in
514 2154 605 2234 duas
631 2152 809 2237 sasliones
837 2180 915 2239 tota
927 2162 1146 2241 Gothorum
1157 2188 1249 2263 gens
1274 2162 1441 2258 abiisset,
1467 2183 1578 2263 atque
1606 2180 1762 2258 utraque

374 2360 376 2365 Α
407 2251 554 2353 „suum
580 2255 647 2335 fibi
672 2254 884 2362 Principem
912 2264 1076 2342 seorsum
1102 2265 1278 2359 creasset,
1301 2263 1473 2365 consugit
1500 2263 1595 2342 alter
1623 2257 1763 2340 Princi-

376 2377 534 2454 '„pum
560 2358 607 2438 ad
632 2362 893 2447 Romanorum
921 2368 1217 2465 Imperatorem:
1243 2365 1309 2467 qui
1345 2367 1513 2466 suscepto
1540 2363 1644 2443 bello
1670 2382 1761 2441 cum

405 2457 594 2568 „simbus
620 2462 893 2577 inpotestatem
920 2466 1141 2567 redegisset,
1168 2491 1214 2547 ex
1241 2494 1287 2546 e0
1306 2468 1483 2569 ‘tempore
1494 2462 1639 2545 Christi
1668 2461 1759 2541 fides

403 2581 495 2673 „in
510 2560 655 2640 Gothia
671 2566 884 2679 'Provincia
909 2589 1112 2669 propagata
1137 2567 1210 2649 est:
1237 2594 1349 2670 quam
1363 2569 1516 2648 Nicetas
1537 2563 1759 2646 Gothorum

404 2682 586 2774 „primus
611 2664 786 2766 religiose
812 2672 1036 2770 complexus
1060 2669 1133 2749 est.
1162 2670 1254 2749 Iride
1281 2693 1408 2749 autem
1435 2694 1523 2750 cum
1551 2671 1762 2768 Imperator

361 2808 365 2813 ·
402 2759 626 2859 „rediissetr
652 2769 773 2847 Gothi
786 2769 814 2846 ii
826 2772 970 2851 scilicet
987 2827 1000 2867 ,
1020 2770 1278 2870 quiaChristi
1290 2772 1474 2874 religione
1499 2768 1760 2862 averfierant,

402 2857 566 2975 „surore
594 2865 734 2980 incensi
747 2872 912 2951 excitato
924 2894 1057 2951 contra
1069 2868 1308 2955 Christianos
1336 2870 1605 2974 persecutionis
1626 2870 1753 2982 incen-

402 2961 530 3076 „dio,
555 2966 651 3045 alios
677 2969 830 3069 quidem
843 2974 954 3053 aliter
965 2975 1304 3072 excruciaverunt,
1331 2974 1510 3055 Nicetani
1538 2996 1630 3051 vero
1650 2988 1757 3047 tuan-

402 3061 533 3154 „ditis
559 3065 734 3147 affedum
761 3073 956 3174 suppliciis
982 3076 1145 3177 denique
1171 3079 1211 3155 in
1224 3078 1416 3156 flammam
1444 3076 1708 3175 conjecerunt.

325 3240 335 3247 ,
454 3164 541 3256 „ln
567 3190 694 3247 annot.
720 3173 781 3250 Ex
793 3177 933 3254 tabulis
945 3177 1049 3256 Eccl.
1061 3178 1514 3279 Constantinopolitana.
1540 3173 1756 3254 SimonLo·

401 3263 620 3377 egenhen,
647 3296 728 3387 rem
756 3295 875 3354 totam
904 3276 950 3356 de
963 3301 1132 3379 martyre
1158 3281 1356 3360 enucleate
1383 3277 1613 3381 perscripsit,
1637 3271 1748 3349 &Su-

374 3387 519 3475 „,rius
545 3369 754 3453 Volumine
778 3403 811 3475 ς.
825 3376 903 3457 Vir.
916 3380 990 3459 S.S.
1003 3381 1135 3462 Petrus
1162 3404 1253 3461 vero
1272 3381 1490 3482 AEquilinus
1517 3373 1754 3478 Martyrium
1836 3426 1842 3435 -

399 3487 516 3560 „etus
541 3466 755 3553 luculenter
782 3479 903 3580 magis
929 3482 1166 3584 prosequitur
1177 3482 1218 3559 iri
1229 3482 1451 3585 Cathalogo
1476 3481 1542 3560 lib.
1554 3505 1589 3556 v.
1599 3503 1679 3578 cap.
1690 3502 1753 3577 40»

398 3562 517 3658 „hac
529 3569 782 3688 addens,posl
794 3582 976 3683 temporis
987 3584 1185 3663 decursum
1197 3584 1280 3664 Cor
1333 3579 1757 3681 sejusVenetiastrans·

362 3702 366 3710 ·
400 3664 569 3783 „latum
587 3678 777 3773 quiescere
803 3681 945 3763 dicitur
971 3685 1012 3763 in
1032 3684 1205 3765 ¹Ecclesia
1232 3689 1267 3765 S.
1322 3685 1454 3766 icolai.

448 3767 511 3881 Ad
536 3775 702 3867 eiusdem
730 3779 917 3884 Martyris
945 3789 1063 3865 Aram
1090 3787 1313 3867 decentibus
1350 3787 1487 3868 loculis
1523 3786 1753 3865 affervantur

396 3863 570 3964 plurima
596 3873 818 3989 Sandlorum
846 3885 1069 3987 Reliquiae,
1104 3912 1196 3990 quas
1232 3888 1431 3969 remotiori
1468 3912 1552 3969 aevo
1575 3884 1754 3965 Ecclefiu

395 3965 552 4080 donatas
576 3969 680 4057 fuisse
705 3980 892 4064 schedula
917 3988 1182 4090 antiquissimis
1208 3990 1411 4092 minusque
1437 3990 1538 4071 notis
1564 3984 1750 4067 charaeta

395 4069 502 4189 ribus
528 4095 711 4193 exarata,
738 4082 933 4166 Diuorum
960 4090 1142 4187 nomina,
1168 4091 1214 4171 ad
1239 4118 1335 4194 quos
1361 4093 1446 4196 ipsae
1457 4088 1645 4191 Reliquiae
1666 4106 1747 4193 pen*

395 4183 521 4249 sinent
548 4176 802 4294 exhibentes,
829 4208 957 4288 aperte
984 4190 1261 4272 demonstrant.
1642 4240 1647 4247 ·

423 4269 969 4397 ‚sJonsecrationis'iiiemoria
994 4294 1042 4370 de
1067 4295 1318 4401 quantillum
1337 4306 1749 4384 extatmonumentum

394 4365 474 4456 diei
496 4371 669 4462 secunda
687 4379 793 4465 Maii
813 4384 1038 4495 ὤμω.
1536 4400 1542 4411 “
