3850 5317
401 368 1219 472 Srtxtruassxttcrt.
1344 406 1422 489 129

143 531 250 627 nott,
273 527 311 609 8(
337 551 464 610 rerum
486 526 675 628 gestarum
702 524 835 606 seriem
864 549 912 606 ex
932 528 1065 607 ordine
1087 533 1365 617 exhibuerunt.
1392 540 1487 623 Hae

141 630 245 712 fimus
270 655 314 713 ac
351 630 487 709 Ptaesul
569 627 689 729 reepit
716 683 730 725 ,
758 628 931 728 spiritum
970 631 1131 711 Domini
1170 632 1210 713 in
1247 660 1294 715 eo
1328 641 1487 721 consilio

139 727 247 818 inesse
271 731 490 826 confidens,
594 730 791 810 hasterium
822 730 896 809 hoc
922 731 1081 811 Venetae
1105 735 1305 833 Ecclesia,
1332 765 1409 818 non
1437 745 1484 822 le·

139 831 176 916 ti
202 853 283 912 tum
311 831 499 934 prastdio,
524 852 609 911 tum
635 852 861 912 ornamento
887 830 1056 910 futurum
1079 839 1257 934 agnovit.
1289 842 1486 921 Verumta-

141 956 223 1014 men
248 960 298 1013 ne
325 936 367 1013 in
393 933 577 1033 gravioris
604 933 659 1012 tei
685 931 995 1028 deliberatione,
1020 934 1215 1036 quidpiam
1245 941 1371 1020 minus
1397 967 1484 1023 con·

137 1033 226 1114 halte
253 1035 453 1130 statueret,
479 1059 559 1113 rem
586 1033 702 1136 ipsam
727 1033 984 1130 confiderare,
1012 1038 1214 1137 locumque
1228 1042 1483 1143 propriisoeu·

134 1132 178 1214 lis
202 1134 356 1216 lullrare
382 1136 541 1232 voluit,
567 1136 841 1236 implorataque
870 1134 1006 1212 Divini
1036 1138 1184 1236 spiritus
1209 1168 1303 1240 ope,
1331 1146 1484 1227 tandem

138 1234 220 1315 dato
255 1238 398 1318 assensu
436 1235 892 1316 Monalietii'asdificandi
929 1236 1128 1316 confilium
1163 1244 1395 1324 authoritate
1429 1272 1490 1326 ot-

137 1335 273 1424 (linaria
301 1337 548 1441 approbavit,
574 1337 612 1416 8(
638 1336 802 1438 nequid
828 1338 874 1414 ad
903 1338 1101 1436 negotium
1128 1339 1350 1425 omnimode
1377 1349 1488 1447 perfi-

135 1436 308 1526 tiendum
336 1442 504 1535 deesset,
542 1435 718 1518 Pallotali
744 1437 1011 1520 exhortatione
1030 1440 1254 1547 interpostt'a
1284 1448 1320 1526 P.
1345 1448 1396 1526 Q
1425 1473 1483 1530 ve·

143 1536 356 1621 hementius
391 1539 598 1635 exoravit,
634 1560 677 1618 ut
713 1540 760 1616 ad
798 1538 974 1618 Paracliti
1014 1540 1198 1622 honorem
1239 1547 1482 1648 Templum,

137 1640 391 1743 adiedlumque
416 1641 654 1724 Coettobium
682 1638 855 1720 aedificari
885 1641 1174 1740 permitterent,
1198 1649 1300 1761 quod
1326 1651 1339 1747 (
1348 1674 1395 1727 ex
1422 1673 1486 1751 pu·

137 1739 238 1821 blica
264 1742 415 1844 pietatis
441 1743 637 1840 instituto)
662 1739 800 1821 sadum
832 1742 985 1821 testatur
1003 1743 1046 1857 .3·
1073 1744 1122 1823 C.
1148 1744 1224 1824 diet
1258 1771 1312 1849 17.
1341 1752 1487 1851 Aprilis

135 1843 218 1920 anni
246 1870 336 1924 vero
363 1848 411 1924 ab
438 1847 516 1924 Ine.
544 1846 661 1923 Dom.
689 1851 793 1946 1483.
829 1844 1067 1942 Reipublicae
1097 1847 1291 1928 Ducatum
1328 1875 1483 1950 gerente

135 1940 276 2039 Joanne
304 1946 514 2028 Mocenico
540 1943 647 2043 (A).
675 1946 803 2022 Rebus
830 1942 957 2045 itaque
985 1947 1139 2044 publico
1166 1951 1306 2029 assensu
1332 1977 1484 2056 compo·

133 2040 228 2140 fitis,
255 2048 544 2149 dispositisque,
569 2067 682 2147 prout
708 2066 857 2143 tempus
884 2046 1123 2145 permiserat,
1149 2050 1194 2127 ad
1222 2050 1381 2132 formam
1393 2056 1485 2135 Coe·

132 2145 235 2224 nobii
262 2150 464 2244 domibus,
489 2150 596 2225 latus
616 2146 832 2223 Patriatcha
857 2145 901 2222 de
929 2169 1039 2222 nova
1067 2148 1182 2244 prolis
1208 2153 1385 2250 exordio,
1413 2177 1485 2234 tet·

103 2313 110 2326 .
131 2243 204 2342 tia,
231 2251 311 2348 post
323 2252 518 2334 obtentam
533 2244 911 2343 Principisgratiam,
938 2244 1023 2357 ὥς,
1044 2247 1088 2327 ad
1103 2250 1151 2323 D.
1163 2249 1381 2332 Cathatinae
1394 2259 1487 2336 coe·

133 2347 296 2428 nubium
335 2349 371 2426 se
398 2345 601 2441 contulit,
636 2345 765 2443 ibique
792 2347 840 2423 ab
866 2346 1059 2424 Abbattlsa
1085 2349 1278 2448 expetiit,
1316 2375 1359 2432 ut
1386 2358 1483 2435 tanti

129 2448 266 2547 operis·
283 2446 428 2527 intuitu
458 2446 622 2527 Mariam
634 2446 865 2538 Caroldam,
892 2445 1057 2546 aliasque
1085 2450 1483 2538 tresSanblimoniales

128 2571 236 2627 extra
262 2549 420 2630 claustra
441 2548 545 2632 abire
565 2549 811 2627 concederet.
838 2546 984 2625 Renuit
1004 2548 1170 2648 primum
1184 2553 1484 2637 Abbatissasum-

126 2673 279 2748 mopere
307 2651 439 2730 dolens
466 2649 703 2729 Asceterium
740 2648 848 2727 suurn
887 2669 1000 2727 tanta
1027 2648 1181 2752 virtutis
1207 2658 1384 2756 exemplo
1412 2659 1485 2761 pri-

128 2750 232 2846 vati,
257 2775 350 2830 mox
377 2750 601 2831 Patriarcha
628 2775 713 2830 eam
739 2749 986 2845 admonenti,
1013 2777 1062 2831 ne
1088 2751 1211 2831 divini
1240 2757 1389 2858 spiritus
1417 2786 1480 2840 vo

131 2849 270 2931 luntati
298 2850 498 2949 resisteret,
525 2853 561 2931 8(
589 2848 764 2931 Pastorali
792 2850 1025 2929 authoritate
1051 2854 1198 2953 jubenti
1226 2883 1304 2937 non
1331 2863 1480 2940 obtem·

129 2974 277 3052 petare,
305 2979 383 3033 non
410 2952 558 3054 potuit,
585 2950 759 3052 victoque
786 2950 869 3047 julli
896 2953 1039 3032 doloris
1065 2955 1194 3052 sensu,
1218 2959 1401 3062 quidquid
1425 2962 1480 3065 ip·

134 3051 168 3131 se
192 3053 363 3168 jussisset,
390 3054 425 3136 se
452 3054 529 3134 sine
556 3079 660 3132 mora
673 3051 853 3132 sabluram
865 3054 1049 3167 reposuit.
1080 3057 1480 3162 Paucisitaquetrans·

135 3152 220 3235 atus
244 3155 408 3252 diebus,
436 3156 600 3256 repetito
625 3154 666 3233 in
693 3155 838 3254 scriptis
865 3154 1110 3235 Patrtarehali
1140 3161 1352 3259 mandato,
1376 3189 1482 3243 acce⁴

135 3275 265 3358 ptaque
291 3261 340 3337 ab
352 3255 721 3344 Antiliitesolemni
748 3251 1038 3370 benedidiione,
1063 3283 1140 3335 non
1177 3258 1253 3339 stne
1280 3263 1485 3361 Sororum,

137 3379 221 3457 quas
256 3360 496 3462 relinquebat
533 3357 759 3440 moerore&
786 3357 1000 3456 laerymts,
1038 3379 1080 3434 ut
1108 3384 1215 3436 nova
1251 3359 1484 3445 fundationis

137 3481 225 3559 opus
250 3451 524 3563 exequeretur,
550 3463 571 3540 ὲ
599 3458 832 3540 Monasterio
858 3460 995 3558 egressa
1022 3456 1074 3538 esi
1101 3460 1228 3540 Maria
1255 3463 1485 3543 Caroldaas·

136 3558 285 3662 sumptis
314 3563 354 3642 in
383 3564 521 3646 laboris
547 3561 747 3643 substdium
775 3558 909 3656 sociis,
936 3560 1095 3656 Orelia,
1119 3562 1484 3664 &AugustinaGra

134 3659 266 3752 donico
294 3664 506 3760 sororibus,
531 3665 693 3743 &Anna
719 3685 766 3739 ex
792 3664 961 3740 sororum
991 3687 1178 3759 numere,
1205 3689 1296 3766 quas
1323 3692 1480 3747 conver·

137 3761 185 3843 sas
211 3769 331 3867 vulgo
347 3786 521 3856 uocant.
548 3766 607 3843 Ad
635 3762 1083 3863 novaitaqueClausira,
1109 3766 1382 3846 comitantibus
1408 3770 1482 3848 sttr-

136 3867 251 3978 gentis
277 3867 465 3952 Coeuobii
492 3862 826 3958 Procuratotibus,
853 3865 913 3963 pia
935 3867 1056 3965 Virgo
1084 3867 1274 3945 fundatrix
1300 3870 1481 3968 dedudia,

136 3987 172 4043 tn
199 3969 271 4051 hoc
299 3995 455 4058 omnem
482 3968 601 4048 animi
629 3967 684 4045 sui
711 3985 892 4046 conatum
919 3969 1121 4063 contulit,
1148 3988 1190 4046 ut
1218 3994 1296 4048 non
1324 3992 1399 4051 tam
1429 3973 1483 4052 la·

136 4067 261 4167 pidum
289 4071 468 4156 strud'tuta
495 4068 689 4152 materiale
715 4066 952 4147 Coenobium
979 4069 1193 4169 exsurgeret
1222 4125 1235 4166 ,
1263 4097 1377 4174 quam
1405 4075 1482 4175 pie·

137 4171 260 4271 tatis,
292 4174 330 4253 8(
355 4174 544 4253 virtutum
571 4172 808 4252 incremento
836 4167 1026 4268 spirituale
1053 4170 1253 4250 adifieium
1280 4179 1484 4277 complere·

139 4288 195 4350 tur
220 4274 312 4364 eUt
338 4298 466 4355 autem
494 4271 637 4354 illustre
665 4269 928 4362 Aseeterium,
955 4272 1058 4371 quod
1087 4271 1236 4353 Divino
1262 4276 1404 4378 Spiritu
1432 4275 1486 4354 af·

141 4371 249 4457 flante
276 4373 388 4479 ipsus
414 4371 529 4458 titulo
554 4372 811 4479 gloriabatur,
836 4371 995 4454 solemni
1013 4373 1101 4560 iiim
1127 4376 1168 4456 in
1195 4376 1484 4558 ejusdemltute·

239 4486 348 4561 Tam.
369 4483 408 4560 V.
1375 4500 1437 4556 am
