3850 5317
492 415 574 513 248
732 406 833 485 Da
896 405 1458 489 Mounsrnnro

482 554 718 634 Sententiam
747 581 816 657 pro
841 552 1058 652 Capitulari
1086 554 1268 654 Collegio
1304 557 1476 635 adversus
1503 554 1698 636 Moni'ales
1724 550 1779 638 tu-

428 658 507 742 lisse
532 657 744 755 Iohannem
775 653 1018 731 Trivilanum
1049 656 1335 753 Patriarclram,
1362 682 1408 734 ex
1434 658 1512 734 alio
1539 659 1778 758 subsequenti

427 759 569 861 judicio
604 756 840 858 agnoscimus
858 806 874 834 2
907 779 988 854 <juo
1014 757 1167 852 Sylvius
1195 758 1360 836 Galaslus
1387 759 1550 836 Auditor
1575 761 1775 839 Generalis
1900 801 1901 804 ¹

301 885 305 900 i
426 859 559 959 Legati
588 848 795 948 Apostolrcr
824 845 1120 918 patriarchalem
1142 857 1372 936 decisionem
1398 885 1419 933 a
1446 857 1686 937 [monialibus
1714 887 1773 958 ap,

428 964 641 1065 pellatam,
677 969 787 1045 atque
815 940 1053 1056 exuejusdem
1082 940 1290 1038 Apostolici
1318 946 1464 1021 Nuroeii
1494 960 1680 1058 mandato
1707 960 1774 1037 fibi

425 1059 662 1154 delegaram,
688 1073 730 1125 ea
756 1069 853 1144 qua,
880 1068 920 1119 ιη
934 1043 1003 1119 hac
1016 1063 1119 1140 parte
1140 1041 1367 1156 fungebatur
1388 1046 1644 1154 authoritate,
1669 1060 1774 1137 sesti.

422 1160 518 1252 dit,
554 1148 794 1246 decrevitque
821 1144 1004 1240 insuper,
1029 1142 1077 1218 8(
1103 1162 1362 1239 pronuntiavit
1398 1149 1562 1239 praelatas
1589 1149 1774 1239 Eremieus

425 1261 493 1339 sub
520 1241 1056 1351 jurisdidlione'Patriarchali·
1071 1241 1291 1336 existentes,
1317 1242 1573 1343 domumque,
1599 1250 1774 1331 &locum
1900 1281 1901 1290 ¹

431 1355 477 1436 ab
496 1342 781 1431 immemorabili
798 1365 957 1440 tempore
978 1363 1074 1418 cetra
1099 1343 1244 1440 semper
1271 1343 1476 1440 habitum,
1496 1346 1534 1422 8(
1560 1374 1774 1445 reputatum
1900 1363 1901 1444 j

430 1455 649 1555 religiosum
678 1447 952 1543 suille1‚atque
980 1443 1139 1520 reclusas
1165 1442 1206 1519 in
1222 1442 1373 1519 'eisdem
1401 1446 1540 1542 domo,
1567 1449 1704 1529 &loco
1725 1478 1774 1529 re·

430 1557 603 1657 ligiosam
617 1552 737 1628 vitam
750 1548 929 1625 ducentes
953 1543 1084 1642 vigore
1096 1541 1410 1641 privilegiorum,
1437 1548 1473 1623 8(
1501 1550 1664 1648 antiquae
1691 1553 1774 1630 c'on·
1900 1543 1901 1600 ³

427 1652 636 1737 suetudinis
663 1650 760 1751 polle
787 1646 854 1726 srbi
881 1644 1020 1742 eligere
1046 1642 1322 1722 Conseslariurn
1350 1646 1398 1719 ab
1418 1639 1622 1727 Ordinatio
1647 1677 1774 1750 appro-

431 1761 597 1851 batum,
632 1754 773 1854 quique
800 1749 862 1824 seu
890 1746 988 1820 alius
1014 1745 1192 1822 Sacerdos
1218 1742 1401 1844 praedinis
1427 1744 1608 1857 Erenriric
1632 1753 1773 1831 misiam

423 1859 621 1936 celebrare
649 1848 778 1946 poslit,
803 1845 844 1920 in
871 1843 1035 1942 ipsarum
1064 1844 1244 1921 Oratorio
1271 1868 1385 1944 atque
1411 1844 1773 1929 SanslrffimurnEu·

430 1949 610 2035 charistia
637 1949 922 2028 Sacramentum
949 1943 1033 2045 ipsis
1061 1943 1300 2022 ministrare.
1338 1946 1537 2044 Obligatus
1570 1964 1700 2026 tamen
1725 1950 1776 2028 so·
1900 2025 1901 2044 ζ

429 2079 471 2133 re
492 2107 506 2149 ‚
530 2053 567 2128 8(
593 2049 696 2142 elie,
723 2045 891 2145 adjecit,
928 2046 1096 2124 Plebano
1123 2045 1353 2124 parochialis
1379 2044 1588 2142 Ecclefiae,
1622 2049 1686 2125 vel
1712 2050 1775 2129 alii

431 2148 622 2233 Sacerdoti
649 2151 695 2227 de
722 2148 832 2248 ipfius
870 2146 1026 2226 licentia
1063 2147 1176 2223 semel
1216 2147 1383 2223 inanno
1410 2144 1577 2223 Paschali
1605 2166 1772 2248 tempore

428 2274 581 2359 peccata
606 2250 670 2328 sua
696 2246 903 2341 confiteri,
930 2248 967 2324 8(
992 2246 1236 2362 Eucharistiae
1259 2248 1552 2360 Sacramentum·
1571 2245 1773 2362 suscipere.
1900 2329 1901 2334 Ν

490 2350 748 2434 AGeneralis
784 2345 981 2426 Auditoris
1021 2346 1159 2443 iudicio
1195 2349 1256 2425 dre
1283 2371 1369 2422 xxv.
1397 2345 1574 2425 Oclobrrs
1610 2351 1773 2445 eiusdem
1900 2393 1901 2404 r

304 2445 311 2458 ’
428 2451 765 2545 anni'Plebanusr
791 2451 827 2527 8(
855 2447 1021 2526 Tifflffli
1049 2449 1095 2525 ad
1123 2448 1295 2536 sanam
1323 2449 1456 2525 sedem
1484 2459 1775 2548 provocarunt,
1900 2455 1901 2458 '

428 2579 593 2651 cumque
620 2574 667 2629 ex
694 2548 911 2649 Apollolico
938 2548 1118 2626 mandato
1144 2551 1188 2626 ad
1215 2548 1370 2626 Nicolai
1391 2548 1534 2626 Galerii
1548 2548 1694 2627 Vicarii
1704 2553 1775 2630 Ge·
1900 2609 1901 2658 p

427 2654 566 2735 neralis
595 2649 767 2729 Patavini
795 2650 961 2728 tribunal
990 2648 1138 2727 addusli
1166 2648 1339 2744 luissent,
1366 2649 1504 2727 iterum
1532 2673 1553 2725 a
1580 2649 1775 2747 postulatis
1900 2691 1901 2738 3

428 2752 557 2853 rejecti
584 2751 737 2831 suerunt
762 2750 923 2828 solemni
949 2750 1133 2828 sententia
1168 2752 1244 2827 lata
1270 2750 1331 2827 die
1357 2772 1495 2842 xvtrr.
1522 2747 1667 2858 mensis·
1683 2750 1775 2848 Julii

427 2882 532 2935 anno
559 2854 777 2933 Mntxxvr.
804 2851 963 2928 Easdem
1017 2851 1115 2928 oliea
1141 2850 1345 2929 sententias
1371 2849 1411 2927 in
1430 2878 1488 2929 res
1507 2846 1667 2946 transivi
1694 2849 1774 2946 eju

431 2954 606 3049 dicatas,
631 2951 680 3031 (Τ
702 2950 928 3050 exequendas
947 2876 1048 3052 effi,
1073 2955 1124 3029 Ο·
1144 2949 1273 3050 exequi
1293 2950 1443 3047 debere,
1469 2947 1638 3032 decrevit
1716 2974 1777 3048 ga·

430 3076 492 3133 tus
520 3053 757 3154 Apostolicus
783 3053 843 3129 die
871 3051 1126 3152 xx111.Julii
1153 3077 1252 3131 anno
1275 3051 1542 3132 Motxrvrrr.
1570 3043 1774 3160 Piebannm

424 3153 480 3234 Θ
501 3151 712 3252 Capitulum
739 3152 779 3230 iu
806 3152 966 3255 expeufis
994 3154 1273 3251 condemnans,
1298 3173 1459 3254 quarum
1484 3163 1717 3234 'raxanunem
1736 3146 1776 3225 si-

422 3251 471 3333 ni
499 3250 727 3358 imposterum
754 3255 957 3334 reservavit
985 3254 1093 3355 (H).

479 3357 529 3435 lis
557 3356 674 3456 igitur
699 3355 986 3435 difficultatibus
1012 3353 1188 3452 devinis,
1214 3355 1616 3457 Moniales'Erernitae,
1640 3383 1775 3475 quarn·

428 3455 488 3542 vis
515 3457 556 3533 in
582 3458 727 3534 summa
764 3457 924 3572 egestate
962 3457 1084 3560 polita
1113 3457 1529 3561 'eleemosynis-sponte
1556 3462 1694 3539 oblatis
1719 3460 1773 3539 vi·

427 3554 628 3649 astarent,
653 3560 799 3636 ardenti
827 3581 951 3637 tamen
981 3557 1098 3635 studio
1125 3557 1164 3635 in
1190 3559 1437 3639 austeriffimae
1472 3562 1560 3640 vita
1587 3560 1773 3663 proposrto

427 3660 521 3736 adeo
547 3655 797 3755 institerunt,
833 3680 875 3737 ut
901 3660 942 3736 in
969 3657 1167 3736 aruiffimo
1194 3660 1268 3739 loci
1296 3661 1413 3761 spatio
1449 3664 1485 3740 se
1510 3663 1580 3742 sub
1606 3663 1774 3742 clausura

427 3777 608 3859 perpetua
635 3761 822 3836 mansuras
861 3780 953 3837 voto
980 3759 1197 3861 interposrto
1224 3762 1523 3860 pollicerentur.
1561 3762 1618 3843 Ut
1645 3785 1773 3842 autem

427 3860 477 3942 ad
502 3860 730 3957 personalem
753 3858 967 3959 Religionis
994 3859 1128 3940 statum
1156 3862 1267 3941 decus
1290 3863 1408 3941 etiam
1436 3862 1669 3943 ecclesiastici
1696 3859 1773 3940 loci

428 3960 654 4055 accederet,
692 3960 931 4039 Franciscum
958 3962 1264 4043 Vendramenum
1303 3964 1559 4044 Parriarcharn
1597 3961 1771 4043 Venetia-

429 4077 539 4153 rum,
564 4059 833 4157 domincum,
860 4062 1088 4164 &personas
1104 4064 1292 4143 invisurus
1320 4068 1473 4167 praesens
1498 4065 1545 4145 ad
1570 4090 1632 4145 eas
1658 4062 1771 4145 acces·

428 4153 548 4252 finer,
573 4160 634 4238 die
661 4163 953 4262 xvrnlanuarii
978 4188 1079 4245 anno
1107 4163 1275 4242 Moccx.
1304 4168 1520 4268 suppliciter
1546 4184 1771 4262 exorarunt,

429 4275 474 4333 ut
506 4277 572 4352 pm
606 4262 817 4342 eurumdem
844 4258 1038 4361 spirituali
1075 4259 1317 4376 consolarium
1352 4268 1595 4371 Hieronymo
1621 4264 1772 4347 Comiti
1843 4331 1858 4343 .

430 4351 678 4446 Purlilierurn
703 4361 889 4466 Episcopo
914 4365 1087 4451 Adriensr
1111 4359 1304 4516 licentram
1329 4365 1539 4492 concederet
1564 4367 1773 4549 conseram.¹
