3850 5317
495 405 549 468 20
750 375 1543 472 DaMounss'nn'to''

525 535 588 618 die
613 559 649 615 x.
679 535 850 635 Martii,
886 525 1144 620 translationis
1168 564 1261 620 vero
1287 536 1473 617 memoria
1498 535 1561 616 die
1591 529 1688 616 xxti.
1724 539 1807 621 Se·-

529 638 712 739 ptembris
739 641 808 719 sub
832 641 910 720 ritu
938 641 1185 743 Semiduplici
1212 641 1469 721 celebrantur.

478 738 645 855 Corpori
681 742 717 819 8.
756 742 943 844 Martyris
982 744 1023 822 in
1050 742 1210 843 Cryptis
1235 740 1425 822 Romanis
1459 739 1555 819 olim
1592 740 1789 842 quiescen-

527 861 577 920 tts
614 840 776 944 apposita
813 866 891 923 erat
929 869 1142 922 marmorea
1180 844 1308 922 tabula
1344 864 1522 938 nomeu,
1557 841 1595 919 8(
1631 863 1786 925 atatem

524 941 736 1045 Martyris,
763 943 945 1046 ipsiusque
969 944 1210 1047 depositionis
1231 944 1333 1023 diem
1353 944 1557 1039 exhibens,
1576 967 1690 1042 quam
1718 970 1786 1046 pet

355 1091 362 1098 -
524 1043 782 1223 falcograqfibi
820 1071 975 1148 operam
1011 1045 1172 1150 exprimi
1209 1046 1370 1124 curavi.
1407 1044 1480 1123 His
1506 1065 1633 1122 autern
1661 1047 1794 1129 verbis

546 1166 718 1244 agnatae
761 1204 770 1224 .

476 1243 902 1328 CRESCENTIONL
931 1253 1003 1329 IN.
1033 1251 1182 1330 PACE.
1210 1251 1320 1350 QVI.
1349 1246 1516 1326 VIXIT.
1544 1247 1674 1327 ΑΝΝ.
1703 1250 1793 1330 ΧΧ,

527 1347 832 1428 DEPOSITVS.
861 1354 925 1429 VI.
954 1352 1386 1431 1DVS.·MART1n8.

477 1446 538 1526 Ex
568 1449 648 1528 rudi
676 1449 906 1529 caraeierurn
934 1451 1054 1531 forma
1080 1454 1218 1554 quibus
1245 1446 1459 1552 Epigrapbc
1488 1448 1567 1529 haec
1592 1448 1710 1532 incisa
1736 1450 1797 1531 vi·

426 1543 518 1628 fitur
544 1549 700 1630 difficile
727 1551 832 1652 argui
862 1554 1001 1653 potest,
1026 1580 1103 1654 quo
1132 1554 1265 1633 saeculo
1292 1556 1468 1652 exculpta
1494 1550 1631 1648 berit,
1666 1577 1791 1656 neque

427 1649 533 1730 enirn
560 1674 607 1730 ex
633 1678 703 1748 eo,
728 1653 831 1753 quod
856 1653 1047 1756 impolitis
1080 1655 1217 1734 litteris
1253 1653 1417 1754 stgnatur
1442 1652 1616 1732 barbaris
1645 1653 1796 1736 saeculis

424 1747 513 1829 ideo
541 1753 784 1832 adscribenda
808 1754 905 1850 erit,
932 1756 1113 1857 siquidem
1140 1757 1208 1855 (ut
1234 1755 1402 1834 eruditos
1429 1755 1513 1832 satis
1539 1754 1676 1852 callet)
1696 1754 1789 1857 Epi·

454 1853 609 1953 raphes,
634 1879 725 1956 quas
751 1854 1027 1936 Chrisiifideles
1054 1857 1094 1935 in
1122 1856 1286 1958 antiquis
1312 1855 1546 1936 coemeteriis
1566 1856 1795 1958 corporibus

425 1873 1794 2161 transnatanssartan·satanan

429 2173 510 2235 tem
536 2113 747 2257 expressas’,
773 2160 811 2238 8(
835 2162 991 2263 quidem
1017 2165 1095 2263 (ut
1123 2161 1246 2241 nostra
1273 2164 1351 2242 haec
1378 2158 1696 2258 Crescentionis)
1723 2160 1795 2240 im·

425 2256 565 2359 politas
591 2259 774 2340 exhibent
802 2261 841 2339 in
868 2264 949 2344 suis*
970 2257 1228 2343 laudatissimis
1253 2263 1430 2367 operibus
1456 2259 1693 2342 eruditissimi
1715 2265 1796 2343 An·

341 2367 354 2378 ““
425 2358 649 2461 tiquitatum
669 2362 977 2445 Christianarum
1002 2363 1264 2463 (testatiores,
1289 2388 1401 2468 atque
1428 2364 1619 2443 intereos
1644 2364 1794 2444 summa

425 2458 538 2542 laude
565 2460 702 2564 dignus
728 2466 888 2546 Senator
913 2467 1168 2547 Buonarotius
1204 2468 1246 2546 in
1280 2468 1353 2547 suis
1379 2463 1706 2547 observationibus
1731 2467 1791 2546 su·

423 2583 491 2677 per
528 2562 653 2644 vitrea
683 2563 916 2669 fragmenta.
956 2572 1100 2664 Littera
1126 2573 1162 2648 A
1188 2569 1331 2671 absque
1362 2569 1443 2647 usia
1478 2565 1653 2646 interiori
1687 2567 1790 2649 linea

426 2663 545 2765 ipsam
573 2663 823 2750 intersecante
854 2671 900 2750 ad
933 2673 1149 2751 modumV
1172 2669 1308 2749 inversa
1332 2669 1410 2748 hoc
1426 2670 1544 2748 modo
1561 2679 1598 2747 A
1615 2667 1792 2771 frequens

413 2765 615 2867 reperitur
647 2768 692 2847 io·
714 2772 925 2853 Codicibus
962 2775 999 2852 8(
1027 2772 1341 2873 inscriptionibus
1376 2770 1566 2873 antiquis,
1600 2770 1705 2870 cujus
1731 2769 1789 2851 rei
1910 2793 1911 2798 ‘

289 2961 292 2962 7
423 2870 605 2970 exempla·
625 2872 786 2955 asserunt
813 2875 1067 2956 Buonarotius
1092 2902 1127 2977 pt
1149 2895 1246 2951 nvn.
1274 2874 1528 2954 &xv111.&c.
1552 2871 1791 2951 Fontaninus

423 2966 466 3047 in
494 2970 717 3055 comment.
745 2977 889 3057 Sansiae
913 2979 1118 3057 Columba
1133 3000 1182 3156 ‘E
1196 3003 1251 3075 14
1272 2975 1467 3055 boldettus
1490 2975 1529 3053 in
1550 2972 1790 3054 observatio

423 3069 540 3151 nibus
566 3074 676 3175 super
698 3077 967 3178 Cotmeteria,
1004 3081 1043 3159 8(
1067 3079 1131 3158 Co
1185 3076 1320 3156 donius
1356 3075 1398 3155 iu
1426 3076 1577 3157 Dissert.
1601 3076 1648 3155 de
1674 3076 1788 3155 Sacro

258 3173 261 3180 '
423 3171 615 3273 Symbola
643 3177 755 3259 Piscis
779 3181 818 3259 8(
832 3180 933 3261 alii.
961 3184 1098 3283 Neque
1125 3173 1371 3294 resert'quud
1392 3167 1460 3281 bro
1486 3179 1528 3255 E.
1546 3176 1674 3256 littera
1695 3178 1726 3254 F
1747 3175 1791 3255 in

423 3274 585 3355 nomine
608 3280 894 3364 Crescentionis
918 3284 1191 3385 conspiciatur3
1217 3283 1311 3383 lapis
1337 3280 1440 3360 enim
1467 3303 1515 3359 ex
1541 3276 1666 3358 nimia
1687 3298 1794 3357 vetu-

421 3372 515 3457 state
533 3375 704 3462 corrosus
720 3408 895 3487 apparet,
914 3411 1048 3488 exquo
1070 3383 1200 3465 evenit
1221 3405 1263 3462 ut
1285 3383 1318 3460 E
1340 3381 1455 3462 initio
1476 3381 1684 3483 insculptus
1704 3379 1747 3459 in
1768 3380 1792 3457 1

418 3499 590 3595 ututatus
611 3483 729 3594 ¹suerit
755 3515 772 3567 ε,
802 3485 978 3607 pariaque
1005 3488 1141 3567 damna
1178 3485 1336 3566 tulerint
1367 3482 1503 3563 littera
1540 3485 1580 3561 P.
1608 3483 1657 3559 T.
1683 3480 1721 3560 8(
1747 3480 1793 3559 S,

421 3605 464 3660 m
491 3582 630 3666 eadem·
647 3584 896 3694 inscriptione
914 3589 1085 3691 cneque
1107 3590 1251 3686 'umen
1276 3584 1527 3667 iuvetisrmile
1551 3583 1613 3665 'est-
1635 3581 1738 3699 quod
1763 3582 1787 3660 t

418 3705 488 3781 pro
515 3683 551 3761 Ε
574 3686 705 3769 dedita·
735 3719 848 3798 opera
885 3695 925 3800 in
963 3691 1152 3771 vocabulo
1194 3691 1323 3771 locum
1352 3688 1528 3769 habuerit
1547 3727 1565 3782 ‚·
1596 3682 1780 3786 siquidem

252 3788 257 3796 '
421 3783 498 3865 hoc
523 3785 628 3887 apuu
645 3794 820 3899 antiquos
847 3791 983 3876 in'usu
1008 3795 1123 3892 erat,
1148 3815 1194 3875 ut
1218 3799 1326 3875 notat
1350 3789 1547 3871 Rainessus
1572 3795 1786 3893 syntagma

421 3883 705 4001 Inscriptionum
733 3897 991 3999 antiquarum,
1019 3917 1061 3976 ut
1081 3893 1192 3995 Agite
1214 3893 1353 3994 Agnite
1372 3900 1407 3970 F
1406 3883 1782 3970 ilicitmsrirentia·

422 4016 465 4069 m
526 4018 568 4071 ro
594 3994 710 4097 Agese
734 4008 878 4100 Agnete
911 3991 1126 4079 Felicitates
1149 3990 1372 4076 Terentiant‘
1406 4011 1656 4095 reponeretur
1673 4049 1691 4068 .·
1720 3993 1782 4070 lta

419 4016 525 4196 spui
539 4098 753 4182 Gruterurn
768 4098 896 4203 Apises
919 4125 988 4202 pro
1009 4094 1169 4201 Apeles,
1189 4100 1230 4178 &
1248 4098 1345 4200 apud
1366 4096 1578 4176 boidetum
1597 4117 1679 4209 pag.
1693 4099 1778 4195 365.

416 4195 546 4301 menfts
571 4203 727 4304 ponitur
755 4204 842 4284 loco
867 4203 1036 4304 menses.
1074 4204 1166 4283 Hac
1192 4202 1239 4281 de
1265 4199 1402 4282 litteris
1424 4225 1437 4294 ς
1472 4197 1574 4314 quod
1600 4220 1706 4311 enirn
1733 4190 1787 4309 ati

407 4301 535 4398 *uerba
561 4303 698 4385 attinet
734 4304 896 4388 formula
923 4303 963 4384 in
979 4329 1101 4406 spate,
1137 4324 1179 4383 ut
1207 4322 1343 4384 notum
1369 4300 1454 4395 esi,
1480 4324 1521 4376 tn
1547 4295 1784 4377 Chrtsbanrs

415 4399 740 4508 inscriptionibus.
756 4406 986 4501 uutauffima
1010 4431 1115 4522 erat,
1138 4406 1208 4494 cui
1227 4405 1343 4510 etiam
1365 4403 1546 4502 edebatur
1571 4393 1784 4588 ariiiiffo
