3850 5317
451 379 865 470 Summanus
924 377 1267 472 Snncrt.
1392 409 1474 495 13³1

123 625 127 630 ⁴
173 559 179 574 ·
225 527 300 613 nu
322 529 488 633 quatuor
517 531 644 615 senne
677 559 798 618 annm
833 534 1084 653 perdurarunt
1119 529 1380 617 diffidentium
1416 533 1543 632 liter=‚

172 649 389 735 'antequam
411 634 657 716 Patriarchali
685 637 871 717 sententia
892 638 1172 736 diffinirentur,
1198 665 1280 741 quae
1304 636 1456 716 tandem
1480 661 1542 714 an·

172 761 241 815 -no
272 764 378 833 1512.
414 735 475 816 die
507 743 561 817 (8.
588 739 823 819 Novembris
850 740 961 839 (Fr
984 763 1158 819 emanata
1195 737 1543 818 sanbiimonialium

174 834 266 935 iura
291 836 492 953 firmavit,
527 837 754 941 &antique
791 839 1037 921 concessionis
1073 840 1263 938 justissima
1299 837 1404 941 pabia
1441 863 1541 916 nova

174 938 596 1042 conmmanonislege
621 941 839 1020 roboravit.
866 948 951 1023 blec
974 961 1106 1022 tamen
1132 942 1316 1020 Pastorale
1329 943 1540 1020 Decretum

184 1038 274 1119 lites
299 1061 448 1120 exortas
473 1040 661 1138 diremit,
698 1042 915 1144 quinimmo
938 1044 1098 1146 captiost
1126 1042 1301 1123 homines
1328 1040 1369 1120 in
1395 1040 1543 1119 institu-

174 1161 230 1219 -ω
252 1140 401 1256 dissidio
428 1143 736 1242 perseverantes,
765 1170 890 1246 usque
926 1145 974 1226 ad
999 1169 1150 1225 annum
1175 1170 1282 1245 153o
1317 1142 1432 1223 variis
1455 1140 1545 1220 atti·

181 1244 259 1320 bns
284 1242 427 1342 Judrcis
453 1244 635 1421 'Delepati
656 1245 908 1342 mandatum,
934 1246 1086 1328 irritum
1113 1246 1233 1326 facere
1260 1244 1389 1325 conati
1417 1244 1502 1322 sunt
1530 1299 1541 1320 .

176 1343 248 1421 Eo
273 1366 402 1423 autent
426 1367 532 1424 anno
572 1347 643 1425 atis
670 1345 744 1445 jaan
767 1368 999 1450 comperta,
1023 1370 1136 1448 atque
1162 1348 1355 1445 explorata
1382 1370 1420 1422 re
1447 1345 1544 1422 Len·

184 1445 323 1524 nardus
349 1446 528 1526 Bonafide
555 1448 676 1548 Epist.
704 1448 980 1536 Cortonensrs‚
1008 1450 1046 1528 8(
1072 1445 1394 1548 SacriHospitalis
1420 1447 1543 1525 Gene-

181 1545 275 1626 ralis
294 1546 508 1649 Magister,
532 1549 629 1629 datis
655 1548 792 1629 litteris
817 1550 887 1629 sub
912 1549 973 1628 die
1002 1578 1062 1631 21.
1088 1546 1363 1645 Obiobrisffi)
1390 1547 1457 1625 sub
1479 1568 1542 1623 ex·

172 1650 550 1730 eommunication'o
583 1653 670 1731 latae
695 1652 890 1732 sententia
918 1677 1012 1753 pena
1047 1651 1317 1732 conditionum
1355 1646 1460 1748 palia
1486 1645 1543 1726 in·

175 1749 424 1830 -vinlabiliter
451 1752 588 1832 servari
617 1753 843 1849 mandavit,
868 1779 950 1855 qua
978 1752 1138 1855 quidem
1160 1751 1297 1831 littera
1323 1747 1544 1851 Apostolica

187 1850 274 1928 sunt
301 1852 534 1932 authoritate
562 1857 745 1933 roborata
782 1855 843 1934 die
875 1884 904 1933 1.
933 1853 1142 1935 Decembri
1170 1848 1426 1952 subsequentis
1450 1848 1544 1928 anni

179 1952 414 2040 Moxxrtrr.
440 1954 514 2055 (ll
536 1954 571 2051 l.
600 1954 737 2034 Tantis
760 1954 838 2034 fine
865 1954 1074 2034 variatione
1102 1952 1297 2034 sententiis
1329 1977 1396 2054 per
1424 1952 1545 2065 supre-

36 2083 39 2094 ·
175 2078 274 2131 -mos
299 2054 450 2154 Judices
477 2054 654 2155 prolatis,
676 2056 804 2134 adhuc
830 2055 1021 2135 discordiae
1048 2055 1179 2156 spiritu
1207 2053 1370 2149 vexati,
1395 2077 1544 2152 acqure-

189 2154 290 2233 scere
318 2177 524 2236 renuerunt
552 2155 715 2235 sodalitii
742 2157 947 2235 confratres
970 2182 982 2249 ς
1010 2176 1204 2255 propterea
1231 2152 1369 2235 fabium
1396 2151 1472 2244 est,
1499 2174 1542 2230 ut

186 2255 350 2354 Joannes
377 2259 510 2334 Petrus
536 2256 676 2351 Santi,
711 2255 777 2354 qui
815 2256 1075 2356 supralaudato
1101 2256 1299 2334 Leonardo
1334 2255 1376 2331 in
1413 2252 1543 2352 officio

189 2355 389 2458 Generalis
417 2354 630 2457 Magisterii
668 2355 847 2436 successor
883 2356 992 2435 datus
1027 2356 1148 2434 suerat
1175 2351 1385 2433 novissimis
1411 2351 1542 2453 episto

178 2456 239 2537 lis
267 2457 334 2536 sub
354 2454 421 2534 die
449 2463 482 2534 8.
510 2456 669 2557 Augusti
706 2456 794 2537 anni
828 2486 934 2558 1532.
960 2455 1030 2555 (1)
1056 2456 1236 2535 Reblores
1261 2454 1299 2532 8(
1324 2452 1543 2533 Confrater-

184 2557 323 2637 *nitatis
348 2557 489 2637 sodales
515 2558 692 2656 gravibus
721 2558 845 2637 verbis
866 2579 1059 2659 correptos
1082 2556 1327 2635 adservanda
1348 2552 1453 2658 pabla
1473 2552 1543 2633 sor·

183 2658 220 2739 ti
248 2683 361 2737 mann
383 2659 578 2756 coegerit,
605 2659 822 2762 sodalitium
849 2660 995 2761 ipsum,
1019 2658 1089 2738 nist
1102 2655 1297 2738 confestim
1308 2659 1439 2738 obtem
1491 2681 1543 2734 ra·

178 2758 1431 2960 lsllasssasslllslsflssls‘bsasl?blas?a
1458 2781 1543 2959 all}

190 2962 330 3047 litteris
356 2960 552 3043 enuntiata
581 2915 784 3064 praepeti,
804 2983 989 3079 tanquam
1016 2962 1057 3042 in
1083 2962 1229 3064 optime
1255 2959 1409 3061 cognita
1435 2959 1545 3040 causa

184 3064 372 3169 provide,
397 3062 436 3141 8(
461 3062 534 3142 rite
557 3064 695 3149 statuta
718 3064 1160 3165 PontificroDiplomare
1186 3061 1262 3141 diei
1288 3057 1546 3176 subsequentis

180 3169 375 3248 Clemens
401 3163 491 3242 Vll.
520 3167 628 3245 Pont.
652 3165 758 3245 Max.
785 3166 1048 3245 confirmavit.
1076 3161 1546 3264 (K)Consratermtasve·

178 3297 231 3349 ro
258 3289 315 3346 tot
341 3265 500 3346 decretis
527 3268 715 3366 perculsa,
740 3267 926 3345 duraturae
952 3265 1164 3347 concordie
1189 3261 1330 3343 soedera
1354 3263 1538 3345 cumsan-

188 3367 474 3452 blitnonialibns
510 3394 610 3447 nova
644 3369 900 3449 conventione
925 3366 1116 3446 firmavit.

244 3468 369 3550 Novis
393 3494 544 3570 quoque
571 3457 806 3572 privilegiis,
831 3470 868 3549 8(
896 3468 1030 3570 gratiis
1056 3463 1264 3547 Ecclesiam
1288 3464 1327 3544 8(
1353 3460 1546 3544 Monate-

181 3575 290 3657 rium
313 3626 326 3666 ,
352 3592 395 3650 ut
421 3570 610 3671 egestati,
645 3597 717 3673 qua
744 3573 1045 3674 premebantur,
1070 3565 1309 3670 subveniret,
1337 3564 1543 3645 liberalitas

190 3671 407 3778 apotolica
442 3672 669 3768 decoravit,
705 3699 805 3752 anno
838 3671 1022 3774 siquidem
1063 3699 1168 3772 1533.
1197 3664 1396 3748 Pontificio
1432 3664 1545 3745 Bulla

182 3776 266 3857 diei
299 3802 354 3874 14
383 3773 579 3852 Februarii
605 3772 708 3874 (L)
734 3774 810 3875 lpse
845 3775 1126 3876 supralaudatus
1153 3772 1339 3853 Clemens
1366 3769 1454 3847 Vll.
1483 3769 1550 3847 In·'

188 3874 403 3979 dulgentias
427 3874 543 3954 etiam
570 3874 754 3976 plenarias
783 3875 1018 3956 Monnsterio
1045 3873 1205 3976 Spiritus
1230 3868 1358 3951 Sanni
1392 3868 1542 3951 conces·

189 3984 245 4062 sas
271 3980 311 4056 in
336 3975 520 4076 ejusmodi
546 3975 713 4057 Ecclesra
738 3975 846 4057 licite
874 3976 1084 4079 publicari,
1110 3975 1147 4053 8(
1173 3972 1433 4072 eleemosynas
1457 3996 1541 4051 ero·

193 4081 333 4186 gandas
360 4077 545 4180 pransu,
570 4076 868 4182 &reparatione
896 4076 1122 4159 Monallerii
1149 4073 1291 4176 recipi,
1316 4074 1354 4155 8(
1380 4069 1543 4178 expendi

196 4179 384 4288 permisit.
597 4223 609 4237 ·

255 4281 362 4366 Cum
396 4304 525 4368 autem
560 4281 662 4385 juslis
695 4283 746 4368 de
781 4280 898 4370 causas
931 4280 1009 4386 ipse
1025 4277 1225 4463 RSnrnnrns
1251 4274 1428 4360 Pontifex
1453 4270 1546 4352 Cle·

1115 4409 1137 4463 a
1386 4397 1498 4456 mens
