3850 5317
936 395 1100 503 328
1305 386 1553 469 ,ΠΒ
1618 382 2175 464 Εεειεςῐᾼ
2244 402 2378 461 ET
2446 379 2732 460 Loco
2799 379 2950 462 διο.

799 541 1101 628 nasterii
1151 535 1467 619 claustra
1489 528 1840 611 Domino
1894 527 2364 609 famulaturae
2417 523 3052 628 admitterentur,
3099 539 3230 617 vel
3277 539 3512 625 hone.

803 645 929 732 stis
982 640 1166 723 viris
1216 639 1299 714 in
1354 630 1929 711 matrimonium
1991 627 2501 708 traderentur.
2609 715 2620 722 ,

903 749 1017 828 Ea
1070 740 1305 843 igitur
1358 732 1663 812 Divinae
1716 732 1826 808 lar
1882 728 2085 812 itatis
2138 724 2616 830 providentia
2665 727 2928 808 animo
2977 735 3521 823 ereffiGuber.

807 869 1111 932 natores
1164 844 1253 921 de
1274 833 1607 916 Ecclefia
1660 858 1806 910 con
1873 831 2199 925 ruenda,
2251 827 2492 928 deque
2545 827 2776 906 domo
2800 831 3044 929 aptius
3063 844 3512 923 reaedifican.

805 952 899 1032 da
952 970 1168 1050 agere
1221 955 1657 1039 coeperunt,
1707 952 2159 1033 quapropter
2211 927 2616 1044 condu&as
2667 930 2932 1008 domos
2982 934 3230 1023 soluto
3272 945 3524 1046 pretio

811 1061 1391 1147 compararunt,
1445 1054 1678 1134 utque
1733 1033 1814 1110 in
1868 1054 2314 1134 perpetuum
2369 1031 2780 1108 mulierum
2812 1031 3294 1125 domicilium
3317 1069 3518 1149 apta·

808 1153 876 1235 ri
929 1145 1210 1250 poffent
1263 1136 1587 1217 solemni
1640 1133 1962 1230 Maioris
2013 1130 2340 1232 Confilii
2396 1131 2560 1230 lege
2615 1128 2972 1210 statutum
3026 1136 3170 1215 fuit
3219 1150 3346 1228 die
3404 1162 3511 1228 1'1.

814 1238 1113 1356 Ianuar.
1168 1266 1370 1320 anno
1394 1237 1755 1315 MDVHC.
1778 1259 1932 1332 quo
1958 1233 2223 1313 itidem
2244 1258 2448 1310 anno
2468 1231 2591 1309 die
2610 1229 3083 1332 xx2,Martii‚
3137 1259 3220 1316 ut
3259 1241 3516 1323 Eccle.

814 1355 921 1433 fia
968 1349 1428 1446 erigeretur,
1478 1336 1658 1415 &in
1678 1359 1764 1413 ea
1790 1334 2082 1413 Divina
2133 1331 2386 1411 officia
2492 1353 3019 1432 eragerentur‚
3069 1338 3519 1426 Laurentius

730 1448 738 1455 ’
812 1451 1110 1537 Priolus
1164 1440 1593 1522 Patriarcha
1650 1435 2146 1514 venetiarum
2189 1433 2416 1512 -indul
2479 1455 2508 1511 t
2547 1486 2577 1529 ‚
2629 1456 2715 1510 ea
2770 1453 3026 1514 tamen
3079 1437 3520 1528 conditione

813 1547 1186 1656 apposita,
1240 1568 1335 1622 ne
1390 1542 1548 1638 jura
1601 1535 2065 1616 Parochialis
2116 1531 2475 1627 Ecclesiae
2517 1536 2590 1614 S.
2631 1534 3036 1634 Raphaelis
3087 1543 3517 1648 Archange-

813 1656 926 1752 li,
979 1651 1140 1729 ullo
1194 1645 1424 1723 modo
1476 1641 1968 1719 laederentur.
3149 1721 3154 1727 ,

868 1836 876 1842 ,
925 1745 1340 1850 Angustam
1365 1739 1822 1835 Ecclefiam,
1872 1737 1997 1819 sed
2049 1738 2433 1839 eleganter
2483 1755 2874 1837 ornatam,
2923 1763 3089 1841 quae
3139 1768 3231 1823 ex
3277 1749 3520 1849 operis

819 1854 1166 1938 instituto
1218 1842 1871 1947 nomenclaturam
1923 1834 2774 1940 accepithlsoccova,
2829 1842 3002 1921 Deo
3024 1845 3159 1925 sub
3182 1848 3522 1950 Deiparae

822 1959 908 2037 in
931 1951 1247 2034 Coelum
1271 1945 1676 2044 Affumptae
1732 1939 1963 2020 titulo
2015 1940 2482 2021 consecravit
2531 1943 2983 2039 Laurentius
3007 1946 3363 2029 Prezatus
3383 1955 3526 2032 Ve-

824 2076 1047 2140 netus
1097 2048 1511 2150 Episcopus
1534 2042 1769 2124 Clodi
1875 2041 2016 2139 fis,
2063 2041 2274 2142 cujus
2331 2042 2443 2122 rei
2495 2042 2866 2124 memoria
2920 2046 3152 2148 lapidi
3174 2049 3521 2136 Ecclefiae

825 2152 1098 2264 parieti
1147 2150 1377 2228 affixo
1429 2144 1713 2224 credita
1796 2143 1953 2221 uit.

826 2332 836 2340 ,
946 2310 1005 2352 „
1060 2248 1425 2333 Illustriss.
1481 2272 1567 2324 ac
1620 2243 2140 2324 Reverendiss.
2215 2245 2316 2322 D.
2370 2245 2821 2328 Laurentius
2897 2249 3250 2330 Prezatus
3325 2255 3518 2334 Ven.

824 2413 882 2459 „
928 2349 1354 2436 Clodienfis
1376 2346 1790 2450 Episcopus
1813 2346 2067 2425 Sacras
2087 2346 2312 2425 AEdes
2353 2348 2867 2446 consecravit,
2921 2352 3155 2432 Paulo
3179 2354 3275 2430 V.
3316 2354 3523 2435 Sum-

829 2482 908 2560 „·
935 2483 1066 2535 mo
1119 2450 1486 2531 Pontifice
1528 2503 1575 2563 ‚·
1629 2448 1889 2529 Franc.
1946 2448 2475 2526 Vendrameno
2550 2447 2981 2531 Patriarcha
3030 2508 3056 2549 ‚
3129 2453 3517 2537 Leonardo

829 2615 883 2660 „
933 2560 1249 2637 Donato
1302 2552 1800 2665 venetiarum
1853 2549 2121 2633 Duce.
2179 2549 2453 2651 Tertio
2505 2549 2684 2633 Idus
2736 2552 3206 2640 Novembris
3255 2582 3522 2640 annon

826 2714 883 2762 „
933 2676 1155 2761 partu
1203 2652 1572 2760 Virgmeo
1621 2649 1948 2740 Mncnc.
2544 2694 2562 2703 ,

3253 4462 3529 4570 0134
