3850 5317
453 407 505 466 10
706 362 1444 472 Dablounsrsaso

296 607 310 626 ,
438 535 501 610 Ne
527 525 611 628 quis
639 548 729 599 vero
758 516 1020 597 Ecclefiastice
1048 519 1209 599 historiae
1232 521 1359 598 minus
1380 520 1522 621 peritus
1544 516 1756 620 prudentiss

287 627 296 638 ⁸
388 633 490 727 srmi,
514 651 618 727 aeque
644 650 687 702 ac
709 618 920 700 sanerisfini
934 619 1102 700 Praesulis
1123 623 1317 701 decretum
1339 623 1464 706 veluti
1483 621 1674 722 privatum
1696 644 1764 696 ar··

321 809 327 816 .
389 734 546 817 bitrium
576 727 790 827 improbet,
816 720 1009 800 sciendum
1035 721 1197 824 antiquae
1218 722 1501 803 consuetudinis
1522 721 1564 802 iu
1586 720 1756 802 Ecclesra

389 835 494 918 fuisse
521 828 743 909 Sanslorum
771 822 1001 924 Reliquias,
1042 821 1142 902 srde
1180 824 1341 925 ipsarum
1379 825 1539 904 veritate
1576 822 1750 903 dubitare

393 934 655 1033 contingeret,
681 952 746 1028 per
772 924 901 1041 ignem
928 926 1121 1025 probare,
1157 927 1262 1024 cujus
1289 927 1343 1006 rei
1371 926 1543 1027 exempla
1570 925 1678 1003 affert
1703 947 1752 1003 ex

394 1043 523 1119 Leone
552 1030 764 1111 lllarsrcano
790 1053 831 1104 tn
852 1025 1002 1105 Chron.
1024 1026 1239 1123 Casrnensr,
1264 1027 1302 1106 8<
1328 1051 1375 1105 ex
1397 1027 1476 1106 vita
1488 1030 1523 1106 S.
1536 1027 1754 1106 Meinwer·

398 1140 423 1220 st
450 1134 626 1238 Episcopi
656 1125 943 1209 paderbonensis
969 1127 1190 1207 clariffimus
1219 1130 1497 1225 Mabilloni'us,
1533 1128 1600 1231 qui
1627 1128 1664 1207 8(
1690 1128 1753 1206 des

394 1264 541 1323 cretum
564 1234 671 1312 affert
693 1228 1256 1329 ConciliiCaesarauguslanill.
1279 1233 1466 1331 Gregorio
1488 1232 1636 1330 Magno
1647 1230 1756 1307 Sumss

397 1370 463 1421 mo
486 1336 669 1417 Pontifice
699 1331 818 1410 habiti
846 1356 947 1410 anno
969 1332 1109 1409 Dxcrr.
1136 1332 1241 1432 cujus
1252 1331 1425 1413 Consilii
1452 1358 1597 1412 canone
1616 1333 1667 1410 11.
1694 1330 1757 1424 sta·

398 1445 473 1526 tuit
499 1435 634 1518 Sandis
661 1434 869 1545 SynoduS,
895 1453 937 1508 ut
961 1428 1140 1532 Reliquiae
1166 1432 1207 1512 iu
1232 1433 1499 1535 quibuscunque
1523 1426 1612 1512 locis
1637 1429 1683 1510 de
1709 1438 1770 1508 Ass·

398 1544 509 1623 uiaua
533 1536 656 1619 heret
682 1555 842 1644 rnueuta
859 1529 1038 1633 fuerint,
1067 1526 1222 1632 prolmae
1249 1564 1272 1613 u
1316 1533 1577 1633 acerdotibus,
1614 1529 1653 1610 r'u
1679 1560 1772 1634 quo·-

402 1673 483 1726 rum
496 1635 606 1721 Ercle
620 1637 665 1715 ris
674 1655 921 1733 repertantur,
933 1633 1173 1735 Pontificibus
1191 1659 1269 1735 pree
1285 1660 1421 1717 eutatae
1441 1638 1527 1736 igue
1541 1634 1760 1736 probentur.

400 1753 550 1827 Recens
576 1740 677 1819 addit
715 1736 935 1816 clarislimus
960 1738 1100 1816 author
1138 1737 1292 1836 hujusce
1319 1766 1391 1856 per·
1420 1739 1549 1841 ignem
1576 1736 1763 1816 examinis

279 1935 283 1940 ,
403 1846 621 1944 exemplum
648 1865 695 1918 ex
723 1843 843 1917 unna
864 1841 1054 1939 Gonzagae
1080 1839 1247 1918 Eduardi
1270 1843 1454 1944 Prtncrpis
1477 1837 1637 1918 Palatini
1659 1838 1762 1916 Rhe·

403 1952 442 2030 ni
470 1941 722 2027 olim'uxoris
758 1940 1006 2032 testamento,
1031 1965 1115 2118 puae
1141 1941 1378 2021 Sanuiffina
1405 1942 1543 2022 Crucis
1580 1939 1764 2043 fragmen-

405 2074 490 2131 tum
518 2043 680 2124 Ptatensr
707 2043 742 2121 S.
770 2042 953 2119 Germani
981 2042 1144 2121 Barlicae
1169 2045 1312 2144 legavit
1342 2044 1401 2124 his
1428 2042 1582 2124 verbis:
1608 2049 1665 2146 se
1690 2035 1769 2119 leur

404 2151 526 2233 donne
551 2172 677 2224 encore
698 2170 760 2219 rua
780 2141 891 2219 Cror'x
911 2140 957 2221 de
973 2140 1186 2240 pierrerr'es,
1213 2172 1306 2224 aver
1322 2144 1364 2224 ln
1379 2138 1771 2249 saiureuruyeCroiu,

282 2323 285 2330 .
404 2279 474 2354 que
493 2250 655 2350 j’nrtejle
678 2242 784 2322 avoir
803 2271 898 2323 verre
918 2243 1012 2323 dans
1035 2235 1090 2324 les
1111 2248 1291 2348 flammea
1308 2247 1400 2350 saus
1419 2243 1559 2327 bruler.
1588 2247 1657 2325 Par
1678 2243 1769 2324 huic

304 2373 317 2384 “
403 2355 564 2457 ipsemet
587 2348 847 2429 testimonium
869 2346 1029 2427 exhibui
1050 2348 1187 2448 Operis
1215 2349 1325 2449 huius
1353 2355 1468 2430 Tom.
1490 2351 1560 2430 lll.
1589 2372 1672 2451 pag.
1685 2373 1769 2449 231.

406 2459 452 2536 ad
479 2452 684 2533 Ecclesiam
711 2451 746 2527 S.
778 2448 912 2526 lslariae
936 2449 1247 2548 Consolationis,
1274 2451 1414 2556 inqua
1440 2451 1509 2530 duo
1539 2444 1699 2556 frustula
1725 2443 1770 2524 de

407 2553 571 2658 vivifica
597 2561 710 2629 cruce
739 2545 893 2628 Domini
928 2546 1040 2651 nostri
1065 2551 1326 2651 asservantur,
1362 2581 1456 2631 vera
1482 2549 1572 2630 adeo
1596 2548 1765 2648 probara-

407 2685 511 2760 με,
537 2675 578 2734 ue
593 2653 631 2833 ί
647 2648 819 2763 flammis
846 2646 1136 2749 unmerguntur,
1162 2653 1357 2734 candorem
1385 2653 1510 2755 utique
1536 2651 1623 2732 iude
1640 2649 1770 2753 feram

403 2760 487 2864 fine
512 2785 590 2837 rom
618 2761 772 2857 ultraue.
810 2753 1028 2831 Solemnem
1056 2779 1211 2854 precum
1245 2755 1441 2856 sormam,
1478 2782 1551 2859 qua
1577 2755 1771 2834 Diuorum

409 2862 551 2964 lipsana
578 2859 668 2959 igne
694 2854 1008 2970 examinabantur
1042 2854 1082 2933 in
1108 2857 1235 2936 lucem
1263 2860 1420 2960 protulit
1458 2881 1504 2937 ex
1541 2857 1671 2939 codice
1697 2856 1769 2931 Re·

409 2961 582 3065 migiano
609 2955 875 3038 erudittssrmus
902 2955 1121 3039 Monachus
1150 2961 1415 3041 Theodoricus
1441 2960 1603 3040 Ruiuart
1641 2956 1681 3035 in
1707 2979 1770 3057 ap·

411 3063 571 3169 pendice
597 3062 642 3138 ad
669 3057 898 3159 Gregorium
927 3060 1213 3140 Turonensem:
1730 3131 1737 3144 .

463 3170 580 3246 Anno
606 3162 741 3241 deinde
770 3160 911 3239 Mvnn
937 3160 998 3240 die
1030 3190 1063 3240 1.
1086 3163 1252 3263 Jantrarii
1281 3164 1508 3244 Sodalitium
1535 3151 1772 3242 sanerisslmb

414 3265 643 3361 Trinitatis,
670 3286 711 3340 ut
738 3258 880 3359 arelas,
903 3287 995 3364 quas
1021 3263 1213 3344 incolebat
1241 3268 1359 3363 ades,
1394 3263 1569 3366 ampliori
1597 3263 1771 3342 dilataret

413 3370 586 3464 ambitu,
613 3388 753 3468 partem
779 3364 881 3443 horti
907 3365 1018 3466 ipsius
1041 3364 1230 3447 Priorarus
1252 3359 1774 3447 assentienteAu'dreuGruur·

413 3469 507 3549 bach
533 3462 721 3569 hospitalis
744 3475 868 3546 Brute
889 3465 1024 3546 Maria
1044 3465 1352 3547 Theutonr'corum
1361 3463 1664 3575 Jerosolr'mr'taui
1692 3461 1797 3570 Mu·

410 3573 521 3674 gisiro
549 3571 615 3649 sub
643 3569 760 3648 annui
786 3571 916 3650 census
948 3570 1172 3650 conditione
1199 3596 1220 3647 a
1249 3570 1479 3652 Provinciali
1506 3574 1584 3650 Lan
1614 3564 1776 3647 obardia

413 3675 450 3752 8<
479 3671 663 3752 blacchia
687 3671 894 3751 Trivisanae
923 3669 964 3747 in
990 3664 1164 3749 livellum
1180 3671 1413 3771 perpetuale,
1441 3703 1484 3752 ue
1504 3595 1776 3846 ampliabapm

415 3774 560 3874 accepit
586 3772 684 3871 (B).
713 3774 836 3851 Fluxu
864 3795 992 3854 autem
1019 3773 1200 3874 temporis
1228 3779 1398 3857 Venetus
1423 3773 1663 3856 sanaiffima
1732 3765 1778 3848 ri·

411 3876 545 3955 nitatis
574 3876 761 3954 Prioratus
788 3875 833 3953 ad
862 3872 1057 3954 Partitiam
1085 3876 1335 3976 Lipomanam
1364 3899 1518 3978 gentem
1557 3899 1603 3956 ex
1627 3868 1779 3952 conces·

413 3977 518 4054 stone
546 3975 759 4076 Apostolica
785 3977 946 4055 collatus
972 3975 1067 4073 suit,
1094 3989 1140 4055 el<
1168 4005 1240 4078 qua
1269 3978 1436 4059 Andreas
1462 3972 1664 4059 Trinitatis
1675 3969 1780 4056 Prior

417 4078 626 4177 Templum
665 4078 889 4157 Patauinum
918 4077 953 4155 S.
982 4076 1115 4157 Mariae
1146 4079 1417 4181 Magdalenae,
1453 4080 1594 4181 &ejus
1621 4073 1780 4175 Templi

371 4183 375 4192 '
420 4179 641 4279 vesligalia,
668 4203 759 4258 mox
788 4183 973 4258 Venetam
1010 4179 1044 4256 S.
1074 4180 1208 4259 usaria
1234 4181 1280 4258 de
1309 4181 1541 4262 Humilitate
1568 4175 1775 4259 Ecclesiam

419 4280 526 4360 Diuo
547 4280 698 4382 Ignatio
720 4281 900 4380 Loyolae,
927 4301 1038 4381 atque
1066 4285 1179 4360 abeo
1207 4283 1576 4366 institutaeSocietati
1598 4282 1682 4383 Jesu
1699 4303 1780 4380 per·
1883 4319 1885 4322 ·

419 4404 534 4481 petuo
560 4381 728 4478 addixit,
753 4382 975 4482 easdemque
1001 4381 1154 4490 piissimi
1177 4384 1262 4466 Viri
1283 4388 1531 4489 donationes,
1560 4382 1780 4563 Patapioam

829 4529 833 4540 .
1496 4523 1501 4540 ι
1525 4521 1531 4534 ·
1556 4525 1561 4532 ·
1666 4507 1729 4561 au.
