3850 5317
433 387 1210 502 S.Jocsrsr⁴›Ertsn1r'xnuis.
1362 407 1444 504 269

153 547 178 621 J,
192 545 232 604 Ca
250 544 385 607 confiteri
414 561 532 626 peccata
559 542 607 595 tiss
628 578 638 608 ‚
664 542 691 595 dr
711 541 805 613 abeo
853 541 948 617 quoad
963 538 1139 602 sunsiionem
1155 545 1365 608 communionis
1382 551 1497 612 Pascha·

151 624 212 686 fite
233 623 294 684 alio
312 627 536 687 §accedemus
557 612 666 688 supra,
686 617 802 676 Sandis·
853 619 888 677 lis
908 629 995 695 quam
1024 620 1129 679 eisdem
1158 622 1500 702 administrabal'predi·

149 699 254 759 samam
274 696 512 772 communionem
539 689 677 766 suscipere
696 692 801 766 salto,
854 696 915 754 lius
945 695 1085 754 parochus
1111 697 1249 773 deputare
1275 700 1378 761 debeat
1406 705 1497 763 aliurn

150 775 178 832 dr
201 777 231 831 ir'r
248 774 370 848 ‘reliquis
392 771 451 842 jure
467 767 627 826 Paroch'iali
649 768 731 826 disio'
742 770 801 828 Ple·
852 771 1036 831 Sacerdotem
1052 769 1215 850 probitate,
1229 771 1417 851 doslrina,dr
1433 798 1500 854 pru·

148 850 230 911 bano
258 848 340 922 super
367 846 434 922 ipsrs
459 844 700 921 exponentibus.
726 850 800 906 Cum
851 849 952 907 dentia
973 847 1125 922 idoneum,
1145 854 1193 925 qui
1215 870 1310 912 tamen
1333 876 1390 914 non
1412 854 1498 916 strea

149 943 254 986 autem
276 923 347 984 sicut
368 923 467 984 eadem
488 918 633 995 expositio
650 920 800 999 subjunge·
851 924 938 982 Clero
950 925 1052 1000 ¹‚ipsius
1066 927 1195 986 Ecclesia
1214 935 1255 986 SS.
1279 935 1493 1010 Hermagorae,

147 1004 204 1093 bat
225 1023 261 1060 ex
282 1001 333 1061 isia
353 999 505 1070 clausula,
532 997 578 1055 seu
607 995 800 1089 reservatione
851 1003 1076 1062 &Fortunati.
1103 1010 1169 1073 Quo
1198 1025 1267 1065 vero
1287 1008 1323 1067 ad
1343 1008 1496 1070 Confessu-

145 1072 800 1227 iiidblldabbbldtil'iilddmsodibbnblltlbtdsslg
851 1078 1044 1224 &regem
1059 1081 1420 1222 oliclrffleallbiobbbbldd:
1440 1107 1500 1223 fg?

145 1232 261 1305 sulcet,
280 1234 387 1309 quippe
402 1251 458 1307 que
479 1230 584 1305 pluries
599 1230 628 1286 in
645 1228 800 1287 hebdoma·
853 1227 916 1290 veti
938 1226 1071 1298 volumus
1097 1225 1176 1288 salta
1196 1226 1306 1305 semper
1332 1236 1361 1290 in
1384 1241 1500 1308 premis·

146 1311 186 1368 da
217 1313 384 1384 penitentia
411 1309 437 1366 dt
464 1304 643 1365 Sanslifllmse
665 1305 801 1363 Euchari-
852 1304 887 1362 sts
907 1299 1333 1383 aussoritatecdngregationis
1352 1312 1500 1385 praedidic-

145 1387 207 1445 sliae
223 1391 410 1445 Sacramenta
426 1404 475 1459 per
493 1381 680 1441 ministerium
700 1401 800 1440 earum
852 1399 915 1439 rum
935 1378 1152 1439 cardinalium.
1173 1385 1368 1442 Decernenres
1387 1390 1500 1451 easdem

145 1462 323 1532 Conselsatii
344 1462 491 1522 Ordinarii
518 1457 641 1536 pradisii
672 1460 799 1535 recipere
852 1456 995 1533 presentet
1015 1455 1134 1517 litteras
1155 1456 1265 1534 semper
1285 1458 1405 1536 firmas,
1425 1466 1501 1526 vali-

146 1540 271 1610 solent,
297 1538 344 1597 sed
365 1541 461 1614 potius
489 1535 620 1594 turbatio
647 1551 733 1611 atque
754 1537 800 1596 iu·
851 1533 919 1605 das,
940 1533 1114 1604 &efficaces
1127 1534 1265 1608 existere,
1280 1537 1305 1594 ἃ
1321 1537 1401 1610 sote,
1421 1541 1499 1600 suos·

169 1605 293 1676 uieiudo
304 1615 722 1687 earumanimabutptovenire
737 1607 800 1687 pos·
852 1630 907 1687 que
930 1609 1074 1687 plenarios
1086 1654 1095 1685 ,
1107 1612 1142 1682 ¹dr
1164 1614 1292 1688 integros
1310 1613 1426 1676 offellus
1441 1620 1498 1680 sors

144 1637 183 1764 dt
206 1696 237 1750 in
260 1693 457 1772 segregatione
479 1695 495 1766 a
515 1685 692 1762 mundanis,
713 1707 799 1765 quam
852 1689 922 1758 tiri,
944 1687 969 1743 dr
991 1688 1097 1746 habere
1121 1707 1154 1746 ac
1168 1688 1257 1756 disiis,
1271 1695 1500 1772 exponentibus,

147 1785 237 1829 tanto
253 1761 351 1849 vigore
366 1770 497 1836 seruant,
513 1780 544 1821 ut
560 1764 666 1822 nemini
683 1783 718 1822 nc
734 1767 798 1841 qui·
850 1764 876 1824 dt
893 1761 975 1836 aliis,
995 1764 1033 1824 ad
1049 1783 1120 1839 quos
1136 1766 1160 1822 ἃ
1176 1785 1246 1841 quas
1259 1766 1383 1842 speslat‚
1403 1774 1429 1829 st
1444 1792 1500 1849 pto

145 1847 217 1906 dem
237 1867 344 1908 earum,
356 1841 536 1924 genitoribus
557 1841 593 1900 ad
616 1857 710 1902 crates
731 1860 798 1917 pto-
851 1855 982 1918 tempore
1010 1840 1147 1916 spectabit
1175 1843 1203 1912 in
1232 1845 1365 1906 oninibus
1393 1848 1419 1906 dt
1448 1870 1500 1926 per

146 1923 241 1984 deant
265 1925 293 1978 in
309 1919 508 1996 conspesiurm
529 1915 622 1976 Nobis
644 1934 799 1994 propterea
849 1918 948 1975 omnia
970 1914 1127 1992 plenissime
1148 1915 1318 1998 suffragati.
1347 1925 1446 2000 Sitque
1467 1929 1499 1987 iss

145 1998 214 2075 ipsa
229 1989 406 2072 exponentes
426 1992 575 2054 humiliter
589 1993 741 2067 supplicari
758 1989 799 2054 se·
852 1993 995 2068 premissis
1016 2012 1067 2068 per
1083 2013 1276 2072 quoscumque
1289 2000 1401 2070 Judicss
1421 2002 1501 2062 ordi.

147 2090 273 2146 cerunt,
295 2089 326 2131 ut
347 2071 400 2132 srbi
421 2069 535 2146 plenam
557 2070 584 2126 irr
601 2069 751 2140 omuibus,
772 2072 798 2126 dr
850 2069 1002 2142 dinarios,
1023 2070 1048 2124 er
1070 2069 1219 2149 delegatos
1240 2077 1330 2132 etiam
1349 2077 1498 2139 causarum

146 2146 802 2296 sitissesillinistis:
851 2145 964 2280 llll
979 2139 1133 2280 iliis}iCi
1154 2148 1499 2292 dissidiis}
1532 2259 1539 2274 x

145 2303 205 2366 lica
226 2305 412 2382 dignaremus
431 2342 439 2358 .
466 2303 528 2358 Nos
550 2244 639 2376 igitur
659 2299 800 2358 disiarum
852 2299 937 2366 inane
953 2297 972 2356 st
988 2298 1065 2356 secus
1080 2266 1161 2374 super
1177 2283 1222 2360 u'is
1235 2305 1253 2360 a
1268 2321 1413 2379 quoquam
1429 2327 1498 2382 qua.

147 2381 357 2455 exponentium
374 2377 571 2454 tranquilitati
594 2373 800 2452 paternoasfes
851 2377 896 2433 tis
916 2375 1091 2435 austeritate
1121 2377 1242 2435 scienter
1263 2379 1308 2438 vel
1332 2382 1339 2434 i
1361 2400 1500 2444 notanter

146 2457 193 2515 ‘siu
216 2456 385 2528 consulere,
405 2475 508 2534 easque
529 2452 697 2530 specialibus
719 2449 800 2513 sato·
852 2455 932 2512 couri
955 2455 1012 2518 erit
1025 2456 1213 2530 attemptari.
1233 2458 1300 2516 Non
1318 2399 1499 2524 sistentibus

142 2535 249 2606 tibus,
270 2534 295 2589 dt
318 2534 420 2612 gratiis
442 2531 574 2609 prosequi
597 2533 727 2591 solentes
744 2527 800 2603 ,dt
851 2473 1008 2606 premissis,
1029 2549 1155 2590 necnon
1178 2531 1449 2608 constitutionibus,
1470 2538 1498 2600 ἄ

144 2630 249 2670 earum
279 2608 434 2700 singulares
464 2609 595 2684 personas
617 2611 640 2684 a¹
655 2608 801 2684 quibusvis
849 2607 1121 2680 ordinationibus,
1149 2626 1346 2686 aequarentur
1370 2631 1441 2687 opus
1462 2612 1499 2674 stt

143 2687 459 2750 excommunicationis
476 2684 657 2762 suspensionis
673 2686 697 2741 dr
713 2686 801 2746 inter.-
850 2683 1122 2764 disiasscollegiatae
1149 2686 1174 2746 dt
1197 2687 1499 2750 parochialissssccle·

142 2763 214 2823 dissi
226 2757 560 2841 aliisqueEcclesraliicis
575 2763 721 2820 sententiis
730 2781 798 2821 een·
850 2759 893 2822 sie
914 2761 1015 2821 aliisve
1030 2762 1177 2838 quibusvis
1198 2765 1224 2823 dt
1247 2764 1413 2838 iuramento
1426 2785 1498 2827 con·
1537 2771 1539 2780 “

142 2840 214 2898 suris
229 2843 256 2898 ds
277 2843 359 2916 penis
375 2861 392 2900 a
410 2841 468 2915 jure
485 2839 529 2899 vel
545 2839 582 2898 ab
596 2841 712 2898 homine
726 2857 797 2916 qua·
850 2838 1016 2899 firmatione
1045 2839 1232 2915 apostolica,
1260 2841 1305 2899 tel
1326 2845 1427 2917 quavis
1449 2843 1498 2903 fir·

145 2920 189 2974 tis
210 2918 362 2976 occasione
384 2916 429 2976 vel
449 2918 532 2976 causa
549 2917 636 2988 latis,
657 2916 798 2991 fiquibus
849 2920 955 2976 mirate
976 2916 1036 2975 alia
1067 2917 1212 2977 roboratis
1239 2917 1352 2977 statutis
1380 2921 1406 2976 dr
1427 2939 1499 2980 eous

167 2993 369 3054 uomodolibet
386 2995 530 3053 innodate
546 2994 664 3051 existitis
680 2991 715 3050 ad
731 2993 799 3052 esst·
849 2992 1049 3052 suetudinibus
1079 2993 1238 3073 privilegiis
1266 3014 1379 3073 quoque
1401 2997 1500 3056 indul-

144 3013 221 3132 bum
269 3072 420 3129 resenrium
443 3071 595 3129 dumtaxat
624 3069 799 3146 consequen,
850 3071 933 3142 tis&
955 3069 1062 3128 litteris
1078 3071 1247 3146 Apostolicis
1269 3075 1298 3132 in
1314 3077 1496 3135 contrarium

144 3147 248 3207 darum
294 3168 373 3207 arum
402 3148 473 3208 serie
494 3147 673 3207 absolventes
700 3146 797 3205 drab·
849 3146 1051 3224 premissorum
1085 3149 1301 3223 quomodolibet
1330 3151 1497 3224 concessis,

147 3219 275 3285 solutam
297 3227 358 3285 fore
379 3225 526 3286 censentes
548 3222 709 3300 hujusmodi
739 3223 799 3298 sup.
848 3222 1046 3295 confirmatis,
1067 3222 1093 3279 dr
1114 3226 1285 3293 inauratura
1305 3227 1414 3296 Quibus
1434 3246 1496 3286 om·

168 3299 357 3363 litationibus
379 3302 513 3362 inclinari
534 3302 568 3362 de
584 3299 800 3360 venerabilium
849 3302 931 3362 uibus
953 3302 978 3358 dr
999 3295 1117 3378 fingulis
1145 3301 1263 3360 illorum
1292 3318 1406 3362 tenores
1427 3319 1500 3377 pre·

143 3320 272 3438 srarrum
290 3381 447 3440 nostrorum
465 3385 490 3438 S.
506 3385 581 3439 ΚΕ.
597 3375 801 3438 Cardiualiuux¹
849 3377 976 3438 sentibus
1003 3397 1063 3453 pro,
1076 3375 1159 3453 plene
1189 3379 1215 3435 dr
1243 3377 1419 3438 sufficienter
1447 3398 1497 3437 ex-

106 3486 109 3494 ·
147 3455 296 3531 negotiis,
317 3457 343 3513 dt
365 3457 623 3516 consultationibus
643 3456 799 3532 Episcopo·
851 3451 947 3592 pressis
976 3454 1114 3513 habentes
1142 3454 1200 3513 illis
1228 3453 1300 3514 alias
1328 3456 1356 3513 in
1379 3454 1428 3516 suo
1449 3474 1498 3513 ro·

146 3537 213 3589 sum
237 3529 263 3590 dt
286 3533 472 3610 Regularium
502 3534 709 3610 prepositorum
730 3552 799 3592 con·
873 3553 921 3591 ote
943 3530 1133 3612 permansuris
1153 3532 1190 3590 ad
1206 3530 1410 3606 premissorum
1431 3530 1501 3589 effe-

143 3604 211 3666 filio
245 3607 351 3666 eisdem
380 3610 589 3683 exponentibus
618 3613 738 3686 petitam
770 3613 799 3674 in
852 3611 927 3672 sium
949 3610 1003 3668 hac
1026 3607 1088 3669 uice
1108 3609 1261 3668 dumtaxat
1283 3607 1495 3685 specialiter&

147 3685 281 3743 omnibus
318 3688 530 3760 exemptionem
560 3689 575 3747 a
605 3684 800 3760 iurisdislione
852 3687 981 3768 expresse
998 3686 1183 3766 derogamus,
1203 3691 1368 3764 ceterisque
1382 3700 1498 3746 contra·

149 3764 271 3821 Perochi
293 3763 367 3821 disse
397 3763 525 3822 Ecclesia
550 3770 593 3822 SS.
616 3769 799 3840 Hermagora
852 3769 901 3825 tiis
922 3765 1164 3842 quibuscumque.

40 3901 46 3908 ,
145 3836 173 3893 dr
198 3841 354 3900 Fortunati
376 3840 541 3915 apostoliea
560 3842 736 3904 audioritate
758 3857 812 3902 tc-.
889 3848 997 3901 Datum
1019 3848 1116 3902 Roma
1138 3841 1212 3916 apud
1240 3846 1266 3899 S.
1287 3841 1413 3900 Mariam
1433 3843 1498 3900 Ma·

148 3931 219 3971 nore
235 3915 409 3991 presentium
424 3911 606 3978 concedimus
623 3921 665 3977 ita
682 3937 799 3988 tamen,
852 3918 942 3993 jurem
965 3920 1015 3977 sub
1035 3918 1123 3978 anulo
1145 3918 1295 3977 Piscatoris
1315 3917 1361 3975 die
1380 3936 1423 3975 ru.
1440 3921 1498 3975 De·

150 4005 184 4045 ur
199 3995 303 4053 Vener.
318 3998 419 4053 Frater
429 3997 596 4070 modernus,
617 3998 643 4052 er
661 4016 712 4070 pro
726 4014 799 4052 tem·
850 3998 972 4054 cembris
988 3999 1216 4056 MDCLXVlllI.
1235 3993 1423 4057 pontificatus
1436 3997 1498 4062 No·
1583 4049 1599 4070 ,.

149 4081 221 4141 pore
256 4072 375 4134 existens
412 4075 579 4138 Patriatcha
614 4075 800 4136 venetiarum
849 4073 899 4140 siri
919 4081 1005 4136 Anno
1024 4073 1147 4136 Tertio.
