3850 5317
394 407 622 493 Snrscrrt
657 405 852 488 Monte
886 429 952 486 ua
985 385 1224 489 Satura.
1382 431 1432 518 15

136 587 190 644 no
218 560 411 642 Mocxxx,
439 555 606 659 pestifera
632 553 714 635 lues
738 551 955 652 Civitatem
983 558 1172 635 Veneram
1209 554 1339 634 adorta
1367 554 1428 638 ,ita
1456 557 1499 635 in

135 666 258 745 Cives
284 660 426 755 feriit,
453 681 494 738 ut
522 655 738 738 brevissimo
763 656 910 736 dierum
938 657 1058 759 spatio
1083 658 1205 736 multa
1225 656 1349 736 millia
1376 657 1498 736 horni-

138 789 235 845 num
271 759 539 863 absumpserit,
575 757 766 861 ipsamque
797 760 943 839 Urbem
971 760 1017 839 ad
1044 758 1285 839 solitudinem
1314 757 1498 839 deducere

135 866 400 947 minitaretur.
426 861 731 962 supplicationes
757 862 808 940 ob
837 861 875 939 id
902 862 1002 941 circa
1029 860 1177 941 Ducale
1205 860 1414 959 Templum
1433 859 1498 939 sta·

133 989 249 1061 tuta,
274 988 438 1065 cumque
465 964 510 1039 ad
538 963 757 1064 placandam
784 961 970 1042 Numinis
994 963 1091 1041 iram
1118 960 1382 1064 superomnia
1418 961 1496 1039 effi·

138 1068 332 1149 caciorem
369 1065 439 1143 elie
468 1061 641 1179 Deiparae
668 1061 840 1164 Virginis
876 1063 1179 1143 intercessionem
1216 1064 1255 1141 P.
1281 1063 1331 1142 C.
1357 1087 1502 1168 cogno·

136 1170 298 1265 vident,
324 1190 371 1246 ex
383 1166 556 1244 unanimi
569 1164 749 1244 consensu
763 1166 972 1265 Templum
993 1166 1030 1245 se
1052 1168 1098 1242 ad
1119 1164 1196 1261 ejus
1215 1163 1402 1243 honorem
1421 1162 1506 1243 aedi-

136 1271 316 1352 sicaturos
341 1265 503 1347 solemni
540 1263 761 1365 interposito
786 1285 881 1345 voto
908 1266 1184 1366 spoponderunt
1208 1292 1220 1360 3
1258 1265 1406 1367 hocque
1433 1267 1502 1346 sub

134 1369 280 1451 SanPtae
309 1368 444 1447 Mariae
470 1367 516 1445 de
543 1368 672 1445 Salute
700 1364 816 1447 titulo
837 1365 1052 1447 dedicatum
1080 1368 1153 1446 sese
1174 1369 1377 1468 quotannis
1401 1366 1502 1445 Prin-

136 1474 220 1574 cipe
252 1467 480 1572 praecede'nte
508 1466 715 1545 statuerunt
742 1466 937 1545 annuatim
977 1465 1140 1547 invisere
1175 1493 1219 1546 ea
1256 1467 1331 1570 ipsa
1357 1466 1419 1546 die
1444 1492 1501 1547 re·

134 1595 337 1667 currente,
363 1596 436 1671 qua
447 1565 598 1648 Civitas
624 1593 645 1646 a
672 1567 844 1669 pestifero
871 1571 1008 1648 morbo
1034 1569 1155 1649 libera
1174 1571 1499 1670 promulgaretur.

139 1679 176 1758 S.
203 1675 257 1755 C.
284 1672 462 1772 Princeps
498 1670 760 1749 &Senatores
786 1669 961 1751 inclinati
989 1671 1225 1773 precantium
1252 1670 1294 1749 in
1321 1673 1504 1768 modum,

141 1799 350 1880 apertoque
372 1773 499 1874 capite
526 1773 831 1874 approbaverunt
858 1773 919 1852 die
945 1795 1043 1851 xxti.
1071 1771 1249 1853 octobris
1275 1771 1386 1873 ipsius
1411 1770 1504 1863 anni

141 1883 373 1973 Moerim,
399 1876 560 1974 indeque
587 1895 661 1954 tres
688 1897 734 1951 ex
761 1876 987 1953 Senatorum
1016 1902 1176 1954 numero
1203 1876 1398 1975 elegerunt
1425 1873 1502 1952 exi·

139 1980 382 2074 miosviros‚
404 1975 653 2078 quibuscum
679 1976 766 2053 esset
791 1977 945 2072 locum,
972 1977 1269 2079 &archetypum
1283 1976 1373 2055 novi
1387 1976 1504 2052 Tem·

140 2086 193 2186 pli
222 2079 384 2184 publicar
411 2076 635 2158 authoritati
662 2076 863 2156 exhibere.
891 2081 952 2157 De
980 2080 1068 2158 loco
1086 2079 1212 2179 itaque
1233 2078 1287 2156 rei
1311 2076 1504 2178 perficien-

139 2189 196 2266 dae
224 2203 442 2286 opportuno
460 2178 616 2259 solliciti
640 2178 880 2276 Triumviri‚
907 2205 979 2282 prae
1001 2180 1180 2259 omnibus
1205 2180 1244 2259 8<
1265 2178 1431 2280 regionis
1450 2179 1507 2256 in-

138 2289 254 2383 dole,
279 2286 317 2363 8<
343 2281 594 2381 amplitudine
621 2279 806 2376 aptiorem
832 2303 1096 2382 cognoverunt
1123 2282 1324 2381 antiquum
1351 2278 1507 2358 Sandis·

138 2390 242 2469 stmae
271 2382 474 2462 Trinitatis
501 2380 748 2476 prioratum,
785 2381 826 2459 in
852 2382 958 2480 cujus
985 2381 1079 2461 ades
1105 2380 1211 2480 jam,
1242 2401 1284 2461 ut
1309 2378 1510 2477 diximus,

140 2485 349 2570 dedudlum
379 2482 497 2562 suerat
525 2479 778 2560 patriarchale
804 2483 1077 2561 Seminarium.
1143 2483 1149 2488 “
1362 2547 1364 2552 ι

194 2589 254 2670 Ut
280 2589 386 2666 locus
413 2610 480 2685 pto
507 2582 597 2661 sacri
626 2581 773 2661 aedilicii
801 2583 1040 2663 extrudiione
1065 2584 1315 2683 venderetur,
1341 2583 1508 2665 libentis·

146 2693 237 2772 sime
266 2685 407 2766 asienfit
433 2687 596 2785 Joannes
625 2684 853 2786 Theupulus
880 2687 1133 2785 Patriatcha,
1167 2708 1394 2789 quapropter
1429 2712 1508 2773 cet·

146 2817 251 2889 tam,
280 2809 390 2894 prout
417 2806 698 2883 convenerant,
726 2787 893 2886 pecuniae
922 2788 1107 2867 summam
1127 2788 1330 2868 Seminarii
1356 2788 1508 2869 redioti·

148 2901 218 2975 bus
246 2915 293 2971 ex
321 2887 450 2969 aratio
477 2887 632 2988 publico
658 2889 942 2988 persolvendam
967 2890 1172 2980 statuerunt
1186 2890 1402 2969 Triumviri
1422 2916 1508 2993 ope·

137 2997 180 3076 'ti
204 2991 399 3098 siefridi,
423 2990 460 3068 8(
488 2987 645 3104 Deisrca}
672 2988 874 3070 Trinitatis
901 2991 1127 3086 Sodalitium
1155 2992 1329 3093 impensis
1351 2993 1514 3096 publicis

150 3098 244 3176 alibi
273 3093 494 3198 erigendum
524 3090 807 3190 promiserunt.
844 3091 916 3170 His
943 3094 1096 3194 publica
1132 3094 1364 3174 authoritate
1390 3095 1514 3174 sirma-

150 3200 224 3294 tis,
251 3196 330 3276 diet
349 3219 437 3272 xxv.
467 3191 603 3272 Martii
630 3192 676 3269 ad
703 3191 868 3293 primum
896 3193 1060 3295 lapidem
1088 3195 1129 3274 in
1156 3194 1402 3275 fundamenta
1428 3196 1514 3295 inji-

147 3297 333 3381 ciendum
357 3299 507 3376 decreta
533 3294 640 3389 fuit,
675 3319 790 3395 quarn
818 3294 941 3395 pollet
978 3297 1019 3375 in
1045 3297 1146 3377 diem
1172 3298 1316 3413 Aprilis
1351 3298 1513 3400 primam

146 3425 193 3481 ex
222 3425 327 3481 novo
354 3421 494 3478 eventu
522 3397 741 3475 mutandam
768 3397 838 3476 esse
862 3398 987 3478 Patres
1007 3397 1226 3502 Conscripu
1245 3398 1517 3478 decreverunt.

151 3503 203 3585 Ut
230 3523 362 3582 autem
390 3525 434 3583 ea
459 3498 538 3578 dies
560 3497 720 3596 effulsit,
745 3523 833 3579 cum
855 3500 1041 3581 Nicolaus
1061 3501 1304 3592 Contarenus
1324 3503 1417 3579 Dux
1437 3527 1521 3602 gra·

37 3642 42 3647 ·
152 3609 190 3685 vi
216 3607 356 3685 morbo
382 3622 576 3702 correptus
611 3601 842 3682 solemnitati
870 3602 1038 3684 interesse
1064 3602 1360 3704 prohiberetur,
1393 3602 1517 3706 Julius

159 3706 411 3810 lastinianus,
436 3702 504 3804 qui
529 3727 576 3781 eo
602 3723 772 3804 tempore
797 3705 953 3788 senioris
971 3704 1189 3785 Consiliarii
1218 3731 1355 3786 munus-
1380 3707 1516 3805 agebat

55 3871 60 3876 .
146 3808 313 3911 collegis
340 3807 438 3903 suis,
464 3808 502 3884 8<
528 3805 772 3883 Senatoribus
802 3808 897 3886 bene
924 3807 1057 3888 multis
1083 3806 1356 3887 comitantibus
1382 3808 1433 3900 ad¹
1463 3808 1516 3886 lo·

154 3933 243 3991 tum
277 3908 461 3998 accessit,
491 3905 556 3986 ubi
595 3904 759 3985 adstante
787 3910 1033 3988 Venetiarum
1071 3909 1285 3991 Patriatcha
1321 3909 1363 3988 in
1389 3908 1519 3987 sundd·

148 4013 297 4093 nnentis
334 4011 499 4112 lapidem
535 4009 638 4087 intus
665 4033 802 4090 cavum
831 4012 952 4109 posuit
980 4036 1136 4091 aureum
1164 4036 1310 4109 unum,
1336 4032 1514 4113 argentea

151 4113 310 4210 ¹elecem,
336 4136 449 4215 atque
475 4136 578 4189 anea
604 4111 804 4190 duodecim
831 4113 1062 4193 numismata
1088 4111 1322 4210 continens,
1348 4121 1513 4214 quorum

160 4213 270 4295 sacies
294 4216 380 4295 susae
406 4233 453 4294 erc
481 4238 558 4291 una
583 4235 685 4313 parte
713 4212 917 4313 Deiparam
946 4214 1146 4315 Virginem
1174 4215 1360 4295 Paraclito
1396 4216 1515 4314 super·
1590 4281 1595 4292 .
1639 4293 1642 4298 .

159 4316 359 4415 veniente,
385 4318 423 4396 dt
446 4316 494 4394 ad
520 4313 632 4416 ipsius
657 4317 768 4415 pedes
782 4317 966 4416 Venetam
990 4319 1121 4395 urbem
1142 4337 1254 4397 tanta
1277 4316 1416 4397 Matris
1441 4313 1517 4391 aus-

147 4420 266 4522 piciis
291 4417 497 4525 proredium
522 4416 709 4501 exhibent
731 4417 1122 4520 hiscitcumappositis
1144 4419 1285 4501 uerbis:
1302 4410 1515 4597 Undfnocggo

1689 1195 1719 1246 s

1721 1163 1755 1194 s
