3850 5317
379 455 417 536 dt
443 446 612 555 sequenti
638 440 785 528 Decadi
811 440 989 558 praefixi,
1018 443 1115 530 Non
1141 444 1194 552 ita
1220 442 1364 546 pridem
1402 444 1528 548 viguit
1554 450 1727 536 Veneriis

376 557 417 637 id
445 553 585 647 moris,
610 570 653 630 ut
680 547 721 627 in
747 543 915 627 Ecclesia
941 547 1299 652 aliquaextruepda
1326 550 1476 627 nummi
1499 574 1549 632 eit
1574 556 1731 633 metallo

377 657 420 738 in
445 649 701 734 fundamentis
737 674 813 726 una
836 647 1080 748 cum-primo
1108 647 1507 749 lapide'demittantur
1524 669 1563 748 ,ἱ
1603 654 1642 732 ui
1668 653 1730 732 do

380 778 515 851 ceant,
541 779 618 854 quo
645 771 840 851 tempore,
865 750 903 829 8c
928 775 1004 850 quo
1019 746 1215 864 Principe,
1240 748 1378 847 quibus
1403 777 1428 828 o
1454 751 1562 849 ibus,
1649 753 1731 854 qui·

379 861 450 939 bus
476 851 701 934 authoribus
728 849 928 929 aedilicium
956 847 1053 924 illud
1080 846 1161 930 fieri
1187 848 1373 951 coepetit.
1444 851 1525 950 ujus
1550 874 1652 932 certe
1670 880 1730 956 ge·

379 956 480 1039 neris
517 953 746 1033 numismata
784 952 937 1050 antiqua
975 974 1159 1050 nusquam
1197 971 1402 1031 occurrunt
1450 952 1491 1030 in
1526 953 1727 1034 selesliori·

381 1062 451 1140 bus
464 1059 702 1133 Venetorum
727 1052 891 1132 Museis.
920 1050 1039 1149 Atqui
1067 1074 1114 1128 ex
1140 1052 1269 1130 indole
1295 1050 1371 1129 loci
1399 1052 1541 1131 nullibi
1568 1056 1728 1154 melius,

378 1183 493 1262 quam
522 1154 702 1234 Venetiis'
724 1148 966 1229 vetustissima
1004 1151 1140 1229 adium
1179 1151 1423 1246 fundamenta
1460 1147 1729 1252 subruuhtur,

379 1261 520 1363 quippe
551 1256 681 1336 fulcris
707 1250 918 1350 tabulisque
946 1251 1083 1350 ligneis
1109 1252 1302 1353 suppositis
1329 1252 1480 1329 innita.
1497 1255 1729 1357 'Haec-igitur

254 1401 259 1414 ·
380 1362 482 1465 apud
508 1359 602 1438 alios
630 1348 870 1430 vetuhillima
882 1352 1139 1447 consuetudo,
1167 1350 1314 1430 nonnisi
1337 1351 1512 1430 asaeculis
1523 1357 1728 1437 admodum

373 1463 535 1567 paucis,
558 1454 658 1557 apud
684 1476 754 1530 nos
779 1471 904 1530 tenet.
933 1453 992 1530 Ex
1019 1454 1187 1532 nummis
1200 1453 1300 1531 bisce
1312 1458 1729 1557 quoscumquepbtdit,

379 1559 564 1646 laudabili
591 1553 746 1647 sludio,
781 1554 818 1631 8<
845 1552 995 1632 solertia
1029 1554 1188 1653 collegit
1215 1552 1457 1632 Nobilibus
1487 1557 1615 1635 Petrus
1641 1561 1731 1637 Gra·

381 1664 546 1757 donico,
571 1653 903 1774 JacobiSenatoris
929 1654 1177 1750 olinitius,
1203 1654 1263 1733 vir
1284 1653 1323 1731 itt
1348 1654 1476 1755 patriis
1497 1657 1729 1757 antiquitati·

382 1768 455 1870 bqs
480 1754 770 1851 eruditissimos,
796 1757 902 1854 cujus
930 1755 1109 1833 Museum
1137 1756 1331 1855 ingentem
1359 1756 1398 1832 id
1418 1779 1538 1856 genus
1564 1777 1733 1859 rerum,

382 1868 423 1948 ds
447 1860 687 1962 conspicuam
700 1855 1051 1957 Manulctiptorum
1078 1856 1227 1956 copiam
1254 1857 1445 1937 continet.
1473 1862 1535 1938 Ab
1562 1860 1641 1960 ipso
1667 1885 1732 1962 po·

375 1968 523 2049 tiotem
551 1980 697 2063 partem
722 1956 876 2036 obtinui
912 1980 1045 2036 eorum
1073 1957 1382 2053 numismatum,
1442 1983 1497 2039 ua
1523 1962 1638 2040 modo
1665 1983 1731 2062 pu·

383 2065 477 2152 blici
505 2062 594 2161 juris
624 2058 758 2154 facio,
795 2058 941 2160 reliqua
977 2081 1026 2138 ex
1052 2058 1198 2139 refertis
1234 2060 1308 2140 suis
1336 1985 1481 2139 Mollis
1506 2062 1730 2144 obtulerunt

382 2171 552 2346 Joffinnes
572 2157 821 2263 Supetantio,
846 2179 959 2261 atque
970 2159 1162 2243 Antonius
1174 2162 1420 2266 Savorgnano
1431 2162 1630 2242 Senatores
1639 2164 1729 2245 Cla·

381 2293 416 2351 n
460 2291 537 2346 mr.
935 2313 942 2328 ι
975 2313 978 2320 ¹

433 2370 573 2469 Neque
599 2390 692 2446 vero
718 2362 896 2442 audiendi
922 2365 1042 2461 sunt,
1075 2366 1142 2465 qui
1168 2366 1249 2467 poll
1273 2368 1462 2465 inceptam
1489 2365 1733 2469 typographi·

246 2565 249 2570 Α
383 2495 470 2553 carn
496 2487 617 2548 artem
643 2485 777 2544 caetera
814 2466 885 2545 else
911 2467 1043 2546 dicunt
1068 2466 1380 2565 supervacanea,
1414 2490 1496 2566 quae
1533 2471 1579 2543 ad
1605 2491 1733 2548 rerum

381 2568 612 2653 memoriam
639 2566 792 2670 posteris
817 2565 1161 2647 commendandam
1185 2587 1296 2645 antea
1319 2567 1516 2644 valebant.
1544 2567 1733 2668 Quosve

384 2695 432 2754 to
458 2669 657 2772 scriptores
681 2691 832 2765 rerunt,
858 2668 1083 2770 plerumque
1095 2666 1432 2767 publiciaintenti,
1460 2667 1584 2749 isthac
1612 2670 1733 2749 minu-

383 2774 486 2855 tiora
512 2769 842 2878 prosequerentur,
867 2793 952 2870 qua
974 2769 1059 2845 lunt
1081 2767 1304 2848 domestica.
1331 2766 1441 2868 Quid
1459 2773 1561 2870 quod
1581 2770 1733 2852 histori-

384 2875 424 2956 ci
452 2869 515 2952 uel
541 2872 661 2968 loco,
697 2873 760 2950 vel
787 2893 959 2970 tempore
994 2866 1107 2948 dissati
1134 2869 1344 2969 populares*
1368 2877 1480 2948 voces
1506 2871 1735 2973 ampleblun

384 2996 488 3070 tut,
512 2972 692 3086 &uulgi
718 2973 862 3072 semper
898 2970 940 3046 in
969 2967 1189 3046 admiranda
1224 2970 1333 3070 proni
1371 2969 1514 3051 fabulas
1540 2972 1734 3052 interdum

385 3075 589 3175 adoptant?
615 3073 720 3151 Hinc
739 3073 813 3150 illa
840 3067 1105 3147 historicorum
1131 3068 1297 3168 dislidia,
1323 3096 1405 3172 qua
1427 3072 1482 3149 rei
1503 3071 1735 3173 aperiendae,
1796 3167 1799 3174 Ι

387 3176 427 3257 aa
452 3178 541 3256 hice
564 3172 746 3251 donanda
772 3170 982 3264 tenebras,
1006 3169 1044 3249 dc
1069 3170 1275 3271 caliginem
1300 3171 1641 3253 circinnsundunt.
1669 3172 1736 3253 At-

385 3292 470 3359 tero
495 3279 543 3356 ab
570 3267 663 3353 hiric
686 3270 822 3350 sarculo
847 3269 1020 3371 praelium
1045 3288 1154 3348 atrox
1179 3270 1278 3352 inter
1304 3274 1517 3375 Hispanos,
1541 3276 1578 3354 dt
1604 3273 1743 3353 Gallos

389 3378 489 3480 apud
515 3372 765 3474 Cerignolam
791 3369 832 3449 in
859 3370 969 3449 Italia
994 3371 1233 3452 commissum
1258 3374 1342 3454 cll.
1370 3376 1454 3475 Qui
1479 3375 1593 3475 primi
1616 3375 1664 3453 de
1689 3397 1737 3453 eo

389 3475 643 3579 scripserunt,
664 3473 728 3550 vel
749 3470 979 3575 synchroni,
1004 3475 1067 3552 vel
1087 3473 1259 3591 suppares
1284 3475 1463 3556 authores
1489 3475 1659 3554 dissident
1684 3475 1741 3554 in

390 3599 451 3660 ter
476 3578 517 3655 se
540 3575 583 3654 in
607 3571 669 3649 att
698 3575 827 3651 nanda
845 3572 1263 3675 commiffiproelirdie,
1290 3580 1536 3681 nequeleve,
1562 3596 1673 3677 prout
1695 3576 1738 3655 in

389 3703 433 3761 te
459 3675 551 3771 tali,
576 3671 630 3752 ell
681 3674 877 3754 iscrimen.
905 3680 959 3754 At
986 3677 1137 3755 nummi
1163 3680 1347 3760 metallici
1375 3680 1436 3757 his
1461 3677 1739 3775 incommodis,

386 3776 643 3860 &erroribus
669 3800 749 3855 non
775 3777 861 3856 sunt
886 3775 1083 3871 obnoxii,
1110 3803 1306 3881 propterea
1332 3777 1432 3858 nihil
1458 3778 1540 3860 illis
1562 3800 1740 3881 opporttu

390 3876 480 3959 nius
506 3875 704 3958 invenitur
730 3878 779 3956 ad
801 3897 943 3957 certam
971 3902 1121 3976 rerum,
1148 3879 1402 3960 &hominum
1429 3881 1654 3962 memoriam
1676 3905 1742 3983 po*
1813 3935 1815 3938 ·

390 3979 494 4061 lieris
517 3979 847 4059 demandandaot.
885 3980 979 4058 Non
1005 3978 1057 4058 ita
1159 3983 1382 4084 reprehendi
1410 3983 1555 4080 debeo,
1580 3982 1610 4061 si
1634 4006 1743 4061 nom·

393 4103 477 4178 mos
503 4078 716 4181 afferendo,
740 4078 1012 4162 &illustrando
1035 4101 1112 4160 tae
1136 4082 1279 4185 aliquid
1308 4086 1459 4187 prasio,
1483 4086 1588 4201 quod·
1611 4082 1743 4162 nostro

392 4181 485 4262 huic
513 4179 615 4264 artati
639 4209 720 4268 nou¹
743 4182 967 4269 indecotmtt
988 4236 1005 4286 ,
1027 4180 1065 4263 dt
1090 4183 1183 4267 seria
1206 4187 1426 4291 Nepotibus
1448 4211 1622 4294 apprime
1645 4184 1744 4263 utile

398 4282 558 4368 euadat.
929 4313 932 4326 ·

925 4443 929 4450 ·
1630 4387 1698 4477 Ne
