3850 5317
453 386 690 498 ‚sinen
722 389 919 475 Mnrrrrr
953 409 1021 472 ors
1050 386 1293 474 Satura.
1478 411 1501 498 3

205 534 319 641 gistro
340 537 520 622 Conrado
539 543 584 623 de
596 540 921 641 Faucbtuvangen
942 564 1056 620 naves
1076 540 1451 639 conscenderents&
1498 545 1568 625 ros·

205 667 295 743 pero
315 644 423 725 cursu
444 645 626 728 Venetias
647 643 760 722 delati
782 640 1118 721 adMonasterium
1141 643 1234 721 Ord.
1255 644 1378 744 quod,
1400 665 1442 725 ut
1465 568 1566 747 {irpe-

211 744 289 825 rius
308 744 450 824 diblum
473 745 544 842 est,
559 747 627 825 sub
650 746 763 826 titulo
774 740 1012 822 Sanblissimae
1026 743 1229 825 Trinitatis
1246 744 1350 844 juxta
1371 745 1568 849 antiquam

208 841 373 945 ipsorum
401 849 558 925 domum
580 850 672 925 Dux
694 845 906 948 Raynerius
926 846 1056 924 Zenus
1077 868 1268 924 erexerat.
1550 884 1553 888 ·

253 948 407 1028 Author
433 949 496 1028 vel
517 948 644 1050 potius
655 944 1101 1028 continuatoerronici
1117 946 1210 1026 Ord.
1232 946 1471 1029 Tbeutonici
1494 948 1570 1032 hoc

206 1047 292 1127 loco
313 1051 433 1130 asserit
452 1072 635 1153 occupata
655 1076 678 1128 a
698 1048 875 1129 Saladino
897 1051 1052 1128 Accona
1078 1047 1202 1132 sedem
1225 1051 1317 1128 Ord.
1337 1049 1441 1129 soille
1454 1071 1569 1132 trans·

208 1150 324 1227 latam
349 1154 599 1252 Matpurgum
628 1151 667 1231 in
691 1149 890 1245 Haffim,
925 1149 1135 1251 adimitque
1158 1151 1309 1230 Veneto
1332 1151 1568 1231 Monasterio
1659 1225 1662 1228 a

206 1250 319 1330 decus
345 1254 579 1350 maximum,
596 1256 754 1333 domum
782 1277 869 1330 nem
898 1250 1184 1352 eprincipalem
1213 1250 1316 1331 fuisse
1330 1253 1569 1333 Tbeutonici

208 1354 301 1430 Ord.
329 1354 370 1432 in
396 1380 469 1457 qua
496 1356 532 1432 8(
559 1352 737 1433 nonnulli
759 1276 932 1452 Magibri
956 1353 1162 1431 Generales
1188 1351 1298 1431 elerii
1326 1352 1505 1450 fuerunt,
1528 1355 1567 1433 8(

205 1452 336 1555 aliquo
363 1478 530 1556 tempore
557 1457 681 1534 sedem
702 1454 875 1534 stabilem
897 1452 1132 1531 babuerunt.
1161 1454 1244 1533 Viri
1272 1479 1437 1541 errorem
1461 1454 1568 1533 refel-

208 1554 256 1634 lit
294 1556 536 1636 eruditiffime
572 1557 711 1635 author
731 1559 963 1656 Anonymus
1001 1553 1436 1634 animadverliooumin
1465 1557 1567 1656 l>etri

208 1658 418 1760 Dusburgii
450 1660 598 1738 Chron.
637 1658 703 1736 ubi
730 1682 805 1758 par.
829 1677 891 1733 111.
929 1679 1009 1756 cap.
1031 1661 1114 1750 276.
1140 1655 1194 1734 ita
1220 1656 1411 1756 loquitur.
1437 1659 1464 1702 “
1486 1660 1568 1736 Do·

168 1795 172 1801 ·
208 1811 235 1854 „
262 1786 368 1840 mum
396 1762 487 1841 Ord.
516 1759 767 1859 Principalem
796 1755 1099 1836 Venetiisfuisse
1126 1758 1358 1859 usquedum
1387 1758 1426 1836 in
1465 1749 1569 1838 Prus·

210 1909 238 1954 ῃ
263 1862 351 1941 fiam
379 1862 445 1940 illa
471 1860 731 1941 transferretur
758 1858 869 1939 tradit
897 1858 961 1938 laic
983 1860 1249 1960 Dusburgius3
1276 1860 1422 1939 Eodem
1451 1863 1567 1942 modo

207 2013 235 2056 „
264 1967 375 2043 babet
403 1965 476 2043 hoc
503 1962 764 2062 Jeroschinus.
790 1963 887 2040 Item
915 1958 1046 2038 audior
1065 1960 1255 2039 Chronici
1283 1962 1350 2039 sub
1374 1962 1567 2042 Friderico

204 2115 234 2158 n
259 2068 364 2166 Mag.
387 2066 477 2144 Ord.
497 2068 592 2142 Gen.
614 2063 753 2142 Latino
779 2061 960 2146 idiomate
986 2060 1135 2163 scripti.
1163 2064 1233 2140 Sed
1257 2062 1401 2141 Audior
1421 2065 1481 2143 vel
1505 2090 1566 2166 po·

203 2170 332 2262 „tius
362 2166 622 2246 Continuator
642 2163 832 2243 Chronici
866 2164 957 2242 Otd.
975 2161 1068 2242 dicit
1089 2218 1102 2259 ‚
1138 2184 1320 2264 occupata
1346 2191 1367 2242 a
1385 2166 1565 2246 Saladino

206 2317 235 2366 „
260 2276 448 2364 Armua,
495 2268 618 2344 sedem
638 2266 731 2343 Ord.
759 2263 870 2342 luille
890 2266 1105 2342 translatam
1133 2264 1382 2363 Matpurgum
1409 2267 1449 2343 in
1472 2267 1568 2348 Has·

203 2369 373 2468 „·sram‚
399 2368 519 2446 donec
546 2366 614 2444 illa
639 2364 681 2443 in
707 2364 884 2442 Prussiam
914 2363 1173 2442 transferret-ur
1191 2355 1259 2464 sol.
1281 2393 1338 2463 93.
1359 2391 1393 2441 a.
1417 2368 1563 2445 Verum

200 2523 233 2567 a,
287 2495 340 2547 uae
363 2469 408 2546 de
434 2468 516 2546 sede
543 2468 580 2545 8(
601 2473 755 2546 Accone
782 2464 960 2562 translata
983 2463 1184 2562 dicuntur,
1210 2464 1458 2565 intelligenda
1478 2468 1566 2547 sunt

204 2625 233 2668 „
257 2496 305 2648 de
332 2569 501 2669 reliquiis
527 2589 675 2646 tantum
704 2563 804 2659 illis,
830 2591 911 2665 quae
940 2565 1087 2644 fuerant
1108 2570 1292 2645 Acconae.
1318 2568 1420 2645 Nam
1440 2568 1566 2651 sedem

148 2725 153 2731 -
203 2726 231 2768 ‚,
257 2670 432 2772 Magistri
456 2668 652 2749 Generalis
678 2668 750 2768 jam
774 2667 1018 2746 Hermannus
1044 2667 1090 2746 de
1111 2668 1236 2746 Saltza
1261 2689 1350 2746 ante
1375 2693 1564 2771 expugna·

131 2788 134 2794 ’
204 2826 233 2870 „
259 2793 336 2851 tam
363 2797 384 2850 a
405 2771 581 2850 Saladino
603 2778 796 2850 Acconam
821 2766 1055 2848 transtulerat
1079 2770 1284 2866 Venetias‚
1310 2768 1563 2854 testeaubiore

209 2925 237 2971 „
261 2873 451 2953 Chronici
477 2873 558 2950 Lat.
585 2872 700 2950 modo
726 2869 854 2950 citati.

256 2976 347 3056 Hac
373 2996 501 3053 autem
528 2974 565 3052 8(
591 2971 683 3052 alibi
710 2970 908 3052 confirmat
936 2970 995 3052 his
1022 2971 1167 3053 verbis:
1193 2971 1312 3052 “Alii
1333 2971 1466 3053 dicunt
1488 2973 1563 3074 jam
1621 3047 1624 3055 .

204 3128 235 3172 ‚‚
260 3077 523 3154 Hermannum
553 3100 573 3153 a
600 3075 724 3153 Saltza
751 3072 931 3150 Venetias
967 3074 1091 3153 sedem
1129 3076 1230 3153 suant
1259 3073 1498 3156 transtulille·
1517 3099 1566 3155 ex

205 3228 234 3272 ‚,
260 3177 363 3256 Urbe
385 3175 594 3256 Acconensr
621 3177 744 3254 multo
767 3195 935 3274 tempore
958 3196 1046 3252 ante
1067 3175 1356 3257 destrublionem
1381 3179 1575 3256 Accone„

200 3330 230 3374 ‚‚
256 3279 301 3357 ln
328 3304 371 3356 ea
396 3278 581 3358 sententia
607 3278 658 3355 est
680 3276 824 3357 Aridior
845 3275 1032 3354 Cbronici
1057 3277 1207 3356 Prussiti
1231 3278 1368 3357 Latino
1394 3279 1564 3357 sermone

202 3432 231 3477 „
256 3379 407 3482 scripti,
432 3381 533 3481 quod
557 3381 596 3456 in
616 3378 736 3457 Curia
759 3377 1050 3475 Palaeopolitana
1070 3379 1319 3480 Regiomonti
1339 3379 1563 3474 asservatum

203 3534 231 3579 „
256 3481 320 3562 cui
347 3481 540 3561 sententia
568 3503 637 3559 nos
662 3480 777 3559 eriam
800 3478 1088 3579 adstipulamur.

254 3581 449 3681 Congruit
477 3582 516 3659 in
540 3583 635 3660 banc
657 3581 880 3661 sententiam
901 3580 1199 3682 Christophorus
1220 3581 1473 3677 Hartlmoch,
1497 3580 1565 3682 qui

147 3753 150 3756 ,
202 3684 303 3763 Petri
326 3682 536 3782 Dusburgii
559 3685 784 3762 Chronieon
807 3708 827 3762 e
850 3708 918 3761 ms.
939 3683 1133 3762 codicibus
1156 3686 1364 3780 recensuit,
1389 3685 1565 3784 notisque

201 3782 425 3866 illustravit.
452 3785 524 3862 Vir
551 3784 614 3863 hic
636 3783 936 3883 diligentillimus
961 3785 1003 3864 8(
1019 3785 1060 3862 in
1084 3787 1328 3867 Ptufficarum
1351 3811 1477 3865 rerum
1498 3810 1563 3863 an·

209 3885 451 3988 tiquitatibus
477 3883 573 3965 mire
600 3885 769 3966 eruditus
796 3886 1086 3967 Differtat.x1x.
1115 3890 1160 3968 de
1188 3889 1399 3990 Republica
1426 3887 1567 3966 Pruffo

208 4011 295 4068 rum
321 4012 424 4066 num.
447 4010 537 4067 vrtr.
565 3987 643 4068 hac
673 3988 806 4068 habet:
833 3990 861 4031 “
881 3988 1038 4082 Etenim
1067 3989 1240 4092 Magistri
1263 3992 1355 4070 Ord.
1379 3986 1566 4069 Teutoni·

206 4141 236 4186 „
260 4088 297 4168 ci
324 4091 529 4170 Genetales
554 4114 642 4169 cum
671 4091 793 4191 plures
820 4089 1002 4176 haberent
1036 4093 1248 4190 provincias
1273 4091 1410 4172 Ordini
1447 4090 1565 4187 subie-

212 4244 241 4287 „
265 4188 364 4288 etas,
387 4190 451 4291 ipss
474 4190 639 4292 primum
652 4195 839 4288 Accone,
863 4191 952 4270 dein
966 4194 1161 4288 Veneriis,
1182 4195 1219 4273 8(
1240 4195 1402 4296 denique
1415 4192 1563 4270 Mariae·
1637 4249 1639 4254 ,

209 4345 239 4392 ,‚
266 4293 381 4392 burgi
400 4294 442 4371 in
471 4293 609 4372 Prullta
635 4292 879 4390 rtffldebant‚
904 4293 1068 4392 reliquas
1093 4319 1220 4376 autem
1250 4294 1471 4374 Provincias
1497 4311 1562 4390 per

211 4445 244 4495 „
266 4392 1104 4575 MagistrosProvirrcialetadrrtinilirapbanffl³
1131 4400 1182 4480 Et
1204 4399 1315 4501 paulo
1326 4394 1500 4501 postloeo
1511 4389 1564 4471 ci-

337 4517 341 4524 '
836 4563 841 4572 .
1042 4524 1064 4580 a
1139 4581 1143 4584 ,
1363 4547 1391 4594 „
1411 4511 1512 4573 tato:
