3850 5317
495 377 552 461 r4
737 353 841 438 Da
902 335 1470 454 Moua's'sacto

420 503 562 586 Veneti
590 502 771 605 negotio,
796 501 981 607 quidquid
1007 501 1048 582 in
1075 500 1266 579 statuenda
1301 498 1365 579 vel
1390 499 1574 602 exigenda
1610 500 1788 605 pecunie

417 611 565 688 summa
590 630 686 707 opus
710 607 822 702 esset,
849 608 921 685 hoc
948 623 1125 705 agerent.
1152 600 1311 682 Statutis
1335 600 1366 682 it
1416 628 1462 680 ue
1483 623 1563 680 xtv.
1590 604 1697 683 mille
1724 629 1786 682 ar·

417 707 563 811 genteis
573 733 642 809 pro
654 706 846 787 Prioratus
857 705 981 809 pretio
1001 704 1215 799 solvendis,
1234 700 1345 783 elecli
1367 729 1388 779 a
1475 702 1674 785 similione
1687 708 1781 788 Pro·

419 832 612 891 curatores
637 804 846 888 Prioratum
873 810 1066 889 Venetum
1092 800 1313 906 Sanrifflmae
1337 801 1540 885 Trinitatis
1559 804 1642 886 ord.
1653 816 1785 887 Bearae

418 907 557 990 Mariae
582 907 890 998 Thoutonicorum
914 908 1094 1016 Prosper,
1131 934 1176 984 ac
1201 903 1326 984 omnia
1345 904 1436 1003 jura
1469 904 1519 986 Θ
1555 907 1714 988 aiiioms
1738 908 1787 987 in

418 1006 511 1109 illo,
546 1009 598 1091 (θ’
622 1009 672 1089 ad
695 1005 804 1090 illam
828 1003 1098 1112 quomodolibet
1121 1004 1365 1106 competentia
1397 1007 1484 1109 (iis
1510 1025 1638 1091 tamen
1664 1013 1780 1092 rebus

420 1112 621 1214 exceptis,
685 1139 738 1192 ure
771 1115 817 1192 ad
844 1112 1074 1193 Societatem
1100 1110 1184 1221 Jesu
1221 1134 1268 1189 ex
1294 1107 1512 1210 Apostolica
1547 1114 1783 1196 authoritate

417 1137 681 1310 devenerantl
717 1214 893 1317 refferunr
927 1213 978 1292 (P
1002 1232 1312 1291 renuntiaverunt
1348 1214 1499 1291 Veneto
1533 1215 1782 1298 Clericorum

420 1315 658 1409 Seminari0‚
683 1315 834 1413 ejusque
855 1317 1143 1394 Procuratorem
1162 1309 1413 1392 Laurentium
1426 1315 1648 1395 Prezzatum
1659 1317 1786 1396 Abba·

420 1436 503 1497 tem
526 1416 850 1510 vice,&nomine
872 1414 1196 1514 ipstusSeminatii
1219 1413 1460 1494 inPtioratus
1480 1415 1783 1518 ipfiuspoffeffio·

417 1518 776 1614 neminduxetunt‚
803 1517 876 1596 hoc
899 1538 1025 1595 tamen
1048 1541 1094 1593 ex
1107 1515 1426 1615 utriusquepartis
1439 1517 1635 1597 voluntate
1661 1519 1787 1598 firma·

289 1656 295 1664 ·
417 1617 488 1718 to,
509 1621 612 1726 quod
633 1620 678 1698 ad
702 1618 912 1719 pleniorem
940 1616 1087 1718 negotii
1113 1615 1333 1695 firmitatem
1343 1617 1715 1701 RotnaniPontificis
1736 1622 1781 1701 ad

412 1721 708 1824 suppressionem
746 1720 786 1799 8(
811 1719 994 1799 unionem
1023 1715 1240 1818 hujusmodl
1276 1720 1451 1798 accedere
1477 1721 1631 1799 deberet
1667 1725 1777 1802 allen·

414 1824 497 1904 sns.
524 1823 711 1903 Universa
737 1846 802 1922 per
829 1842 1088 1921 procuratores
1116 1817 1220 1919 palia
1239 1819 1465 1919 amplissimo
1475 1822 1775 1905 confirmationis

415 1925 627 2026 diplomate
651 1924 713 2001 die
735 1946 823 2001 x111.
852 1921 1087 2001 Novembris
1112 1947 1214 2006 anno
1237 1920 1380 1998 Move.
1400 1923 1778 2023 supralaudatusCle»

414 2051 524 2108 mens
562 2023 739 2104 Pontifex
775 2023 1066 2118 communivit,
1104 2022 1361 2122 suppressoque
1397 2022 1437 2102 in
1475 2024 1576 2103 dicio
1606 2026 1775 2106 Ptiotatu

414 2129 509 2207 Otd.
539 2125 776 2205 Theutonici
803 2126 991 2221 nomine,
1027 2123 1148 2224 ipsum
1175 2124 1326 2224 ejusque
1353 2124 1593 2222 Ecclesiam,
1620 2129 1716 2208 ades
1739 2130 1776 2209 8(

413 2227 647 2332 polseffiones
672 2224 880 2306 seminario
908 2249 1103 2324 puerorum
1128 2217 1376 2326 Ecclefiaslico
1411 2222 1452 2303 in
1477 2224 1646 2308 Civirare
1671 2237 1777 2309 Verre

413 2326 558 2408 riarum
577 2338 892 2428 proDetretorum
903 2325 1076 2409 Concilii
1105 2326 1325 2405 Tridentini
1349 2329 1606 2427 exequutione
1631 2331 1776 2431 pridem

293 2453 296 2460 ’
413 2429 543 2511 eredo
567 2432 759 2535 perpetuis
784 2430 1017 2533 temporibus
1044 2427 1298 2539 pollidendum
1326 2429 1472 2527 univit,
1495 2429 1695 2533 statuitque
1722 2434 1779 2511 in·

414 2533 548 2634 super,
574 2554 616 2612 ut
641 2532 862 2612 Laurentius
881 2526 1103 2610 Patriorcha
1118 2525 1322 2627 'praedietis
1347 2529 1443 2609 infra
1469 2532 1773 2634 quinquennium

414 2636 463 2712 ab
485 2633 703 2750 Apostolica
735 2636 846 2715 Bulla
871 2635 956 2713 data
992 2634 1293 2734 computandum
1318 2632 1486 2733 quinque
1512 2633 1618 2713 mille
1644 2659 1777 2737 argen-

414 2756 500 2816 teos
525 2761 565 2814 tn
592 2735 870 2837 reparationem
899 2735 1089 2815 Ptiotatus
1115 2734 1292 2844 illiusque
1319 2734 1455 2811 adium
1482 2734 1700 2836 impendere
1728 2759 1778 2817 te·

415 2858 595 2933 neretur3
620 2840 723 2939 quod
749 2859 878 2918 tamen
906 2835 1102 2938 eroganda
1129 2836 1299 2938 pecuniae
1324 2859 1420 2915 onus
1447 2861 1527 2917 non
1553 2836 1678 2918 multo
1700 2839 1779 2942 post

411 2936 480 3040 ipsi
518 2939 617 3019 inter
642 2941 679 3019 S.
706 2941 752 3018 R.
780 2941 824 3018 E.
852 2939 1076 3019 Cardinales
1111 2957 1292 3039 cooptato
1328 2935 1375 3015 ad
1410 2937 1490 3036 ejus
1522 2942 1772 3020 commodum

417 3041 587 3141 protrahi
614 3040 657 3121 in
684 3042 788 3122 aliud
816 3062 966 3142 tempus
991 3038 1188 3121 concelirt.

467 3143 528 3222 Ad
556 3144 631 3224 hoc
655 3164 785 3223 autem
823 3164 864 3222 ut
890 3141 1140 3224 constitutum
1177 3139 1341 3241 pretium
1378 3140 1476 3219 intra
1511 3140 1652 3221 firmati
1690 3162 1781 3221 tent·

411 3241 516 3346 poris
541 3244 702 3345 spatium
731 3246 1005 3341 exoneretur,
1044 3242 1268 3322 Patriarchae
1294 3241 1390 3321 daris
1415 3240 1477 3321 die
1503 3265 1609 3321 xxvt.
1638 3245 1775 3324 Martii

412 3370 516 3425 anno
543 3347 704 3426 Morvc.
731 3347 956 3449 Apostolicis
993 3342 1129 3427 litteris
1165 3341 1316 3421 indulsit
1339 3342 1548 3440 Pontifex,
1584 3367 1628 3423 ur
1651 3345 1775 3445 censos

408 3440 636 3528 redimibiles
653 3449 765 3550 super
787 3445 951 3547 ejusdem
975 3444 1162 3527 Prioratus
1187 3442 1288 3523 bonis
1313 3442 1527 3548 constituere
1546 3448 1688 3546 pollet,
1702 3438 1775 3525 vel

413 3545 470 3626 ali
494 3577 544 3626 aa
567 3577 614 3632 rx
639 3549 801 3650 ejusdem
826 3548 930 3632 bonis
953 3543 1139 3626 alienare.
1540 3549 1544 3556 ⁴

517 3649 576 3729 cia
603 3654 771 3754 pecunias
797 3656 976 3748 summa,
1001 3673 1115 3752 quarn
1142 3647 1304 3728 fideliter
1330 3647 1424 3728 stato
1457 3670 1629 3756 tempore
1653 3649 1770 3729 exsul

409 3751 544 3831 verant
571 3753 770 3837 Seminarii
795 3760 1080 3846 Procuratores,
1106 3750 1145 3830 in
1174 3749 1320 3851 praediis
1344 3752 1606 3852 comparandis
1632 3750 1769 3830 insumi

329 3906 337 3926 r
407 3851 508 3955 jussit
535 3856 825 3941 Maximilianus
846 3915 859 3956 ‚
884 3881 1002 3956 eaque
1029 3852 1071 3931 in
1096 3853 1302 3933 utilitatem
1328 3855 1563 3932 commenda
1590 3856 1625 3932 S.
1653 3852 1769 3932 Elisa·

400 3957 504 4044 berh
532 3956 643 4058 ipfius
667 3959 905 4043 Theutonici
933 3955 1090 4037 Ordinis
1115 3952 1312 4058 alfignavit
1337 3951 1399 4034 die
1421 3978 1511 4035 vt1t.
1538 3954 1675 4035 Martii
1702 3979 1766 4032 ao

409 4073 463 4137 no
489 4059 653 4140 iaculari
683 4062 798 4143 Mne.
826 4058 927 4162 (L).
975 4159 978 4164 Ι

427 4161 570 4246 .AEdes
598 4162 685 4244 inde
712 4163 902 4242 Ptiotatus
926 4160 974 4239 ad
1010 4161 1117 4241 usum
1144 4155 1387 4240 Clericorum
1414 4180 1548 4262 aptata
1569 4217 1583 4257 ‚
1608 4158 1650 4238 in
1677 4182 1769 4259 quas

407 4261 556 4342 deducli
594 4267 700 4381 supra
747 4265 924 4343 saeculum
961 4263 1278 4366 permanserunt,
1324 4263 1443 4342 donec
1483 4263 1576 4340 novi
1608 4263 1769 4344 eventus

404 4367 513 4445 causa
538 4386 694 4469 antiqua
714 4364 811 4447 Divi
822 4365 1013 4468 Cypriani
1038 4361 1197 4450 claustra
1221 4386 1392 4468 repetere
1410 4360 1530 4447 concii
1552 4366 1658 4447 sunt.
1678 4364 1764 4480 An,-

477 4527 483 4534 .
1665 4488 1720 4544 no
