3850 5317
475 1964 2899 2410 ‘MONADSETERJO

332 2498 1480 2699 SANCTAE
1665 2505 3052 2683 THERESIAE

969 2764 1449 2869 VIR
1560 2765 1663 2872 G
1773 2766 2038 2872 IN
2147 2769 2197 2873 Ι
2307 2770 2421 2876 S.

397 3000 704 3412 C,
720 3002 1145 3092 (Enobium
1199 2996 1909 3095 Sanei‘timonialium
1959 3009 2557 3097 carmelitarum
2592 3070 2622 3114 ‚
2723 3037 2837 3095 uae
2885 3010 3051 3092 vul·

765 3140 865 3215 go
914 3106 986 3192 le
1008 3110 1269 3209 Terese
1310 3133 1888 3211 nuncupantur,
1938 3116 2436 3197 fundatricern
2488 3143 2688 3217 agno
2720 3116 2826 3195 cit
2880 3113 3051 3192 Ma·

690 3310 696 3319 ,
767 3215 957 3295 riam
981 3269 1007 3309 ‚
1059 3213 1246 3315 piis,
1271 3210 1744 3312 honestisque
1767 3215 2204 3315 parentibus
2227 3217 2619 3295 Ludovico
2643 3213 3002 3292 Ferazzio
3020 3263 3050 3308 ‚

769 3317 842 3396 8<
901 3315 1357 3416 Magdalena
1380 3312 1547 3390 Poli
1598 3340 1801 3393 anno
1855 3315 2302 3397 MDcxxnt.
2357 3313 2708 3395 Venetiis
2760 3319 3050 3391 ortani.

337 3480 380 3506 -.
769 3419 951 3496 Haec
1003 3420 1099 3495 ab
1151 3415 1303 3515 ipsa
1354 3438 1559 3513 paene
1609 3414 1926 3495 infantia
1960 3471 1988 3513 ‚
2038 3438 2319 3517 quanta
2370 3415 2622 3494 futura
2673 3411 2861 3510 effet-
2899 3412 3048 3489 vit·

342 3523 609 3592 tutum
664 3514 882 3595 laude
936 3517 1384 3616 conspicua,
1437 3540 1596 3592 non
1617 3517 2370 3597 obscureindicavit.
2424 3513 2824 3616 Septennis
2847 3532 3047 3589 utro-

341 3636 496 3712 que
550 3617 807 3694 orbata
862 3636 1164 3718 parente
1202 3669 1231 3710 ‚
1279 3614 1413 3714 qui
1466 3639 1560 3692 ex
1612 3619 1824 3715 gravi
1880 3617 2301 3720 pestilentia
2351 3617 2547 3696 foede
2599 3641 2730 3716 per
2783 3613 3051 3691 urbem

340 3714 711 3813 grassante
765 3716 1267 3810 interierunt,
1318 3715 1409 3788 ad
1462 3718 1708 3812 patrui
1762 3721 2081 3798 domurn
2133 3718 2492 3814 deflexit,
2540 3739 2768 3815 quern
2823 3708 3051 3825 paulp

341 3813 511 3913 post
562 3817 836 3895 eodem
882 3818 1273 3896 saevisfimo
1324 3816 1597 3892 morbo
1648 3818 2027 3900 sublatum
2080 3819 2457 3919 ingemuit
2480 3874 2512 3894 .-
2554 3819 2812 3913 Quare
2854 3837 2898 3889 a
2940 3832 3048 3887 vi·

338 3914 508 3994 cini
562 3917 710 3995 viri
764 3918 1039 4033 pietate
1082 3965 1109 4013 ‚
1163 3914 1493 4016 hospitio
1544 3939 1853 4019 excepta
1907 3920 2283 4000 Divinam
2338 3918 2638 4019 jugibus
2689 3908 3049 4014 lacrymis

341 4001 918 4098 Providentiam
971 4017 1529 4110 obtestabatur,
1581 4024 1681 4096 ut‘
1718 4021 1854 4099 fibi
1908 4021 1992 4100 in
2045 4041 2444 4123 parentum
2498 4019 2757 4096 locum
2807 4013 3052 4092 succe·

342 4102 607 4211 deret,
656 4121 858 4219 quod
911 4117 1122 4220 pium
1178 4116 1427 4218 inopis
1479 4119 1749 4214 puellae
1800 4141 2538 4224 votum‚·quanturn
2565 4114 2914 4196 Domino
2933 4137 3051 4189 ac·

345 4235 658 4324 ceptum
712 4220 988 4314 fuerit,
1040 4220 1291 4300 exitus
1342 4219 1881 4298 demonstravit
1921 4275 1950 4317 ‚
2002 4223 2290 4322 semper
2340 4219 2551 4300 enirn
2604 4214 2910 4315 perinde
2962 4233 3049 4287 ae

206 4377 220 4388 .
344 4307 516 4390 filia
566 4319 958 4415 Paternarn
1012 4320 1383 4409 Numinis
1435 4318 2018 4400 beneficentiam
2071 4321 2201 4400 fibi
2256 4322 2695 4415 praesentem
2746 4329 3052 4410 experta

353 4411 505 4495 est.
560 4414 680 4491 Eo
734 4422 1041 4516 proinde
1096 4418 1499 4521 inspirante
1523 4413 2586 4506 BonaventuramPinzonum
2627 4412 3056 4523 virum-ve·

451 4598 466 4608 ,
573 4521 787 4595 Tom.
828 4512 905 4595 V.
1921 4521 1996 4601 Y
2021 4544 2079 4621 y
2592 4576 2638 4627 .·
2674 4512 2964 4594 nerabl·
