3850 5317
488 375 540 455 '12
736 370 1477 457 matutinotanto

421 524 524 625 quod
550 548 638 602 curn
666 549 712 599 ex
732 507 825 620 jani
847 544 927 601 orta
953 517 1161 598 animorum
1182 515 1422 616 commotione
1443 506 1675 627 intolerabile
1695 509 1787 594 Cle·

418 649 465 703 το
489 624 527 702 8(
550 624 790 704 Monialibus
810 599 1139 726 effejbgnoviffet
1159 619 1403 724 ‘Patriarchm
1428 613 1593 729 adbibita
1613 638 1786 728 prorum,

425 751 469 802 ac
491 722 730 822 prudentium
755 725 920 803 virorum
946 719 1126 823 confido,
1163 714 1269 798 nulla
1295 715 1375 798 alia
1398 741 1541 797 ratione
1566 712 1696 796 meiius
1733 742 1787 800 at-

348 829 360 858 ·
419 851 490 925 que
515 826 745 925 opportunius
770 826 937 939 prasenti
960 824 1114 927 egestati
1137 822 1336 902 subvenite
1361 822 1458 922 posse
1477 818 1647 931 censuit,
1673 846 1786 918 quam

415 926 451 1028 fi
478 919 604 1026 aliqua
629 927 805 1029 beneficia
819 924 1011 1041 fimpiicia
1038 916 1310 1030 Presbyteralia
1335 942 1549 1033 nuncupata
1571 947 1612 997 m
1623 921 1782 1001 Venetis

420 1020 590 1129 Ecclefiis
615 1022 890 1108 Parocbialrbus
916 1023 1149 1131 existentia,
1184 1021 1304 1103 eidem
1325 1022 1531 1102 Seminarro
1549 1019 1630 1124 fiae
1655 1044 1785 1102 tamen

420 1126 566 1210 Divini
591 1127 708 1210 cultus
737 1126 953 1230 prejudicio
989 1129 1255 1226 conjungeret.
1283 1126 1404 1205 Clero
1440 1124 1557 1225 igitur
1593 1126 1641 1202 ab
1668 1149 1783 1206 onere

420 1230 587 1310 dimidia
613 1232 767 1312 decima
794 1233 980 1328 liberam,
1005 1257 1052 1308 en
1077 1224 1262 1329 beneficiis
1281 1217 1591 1339 presbyteralibus
1610 1222 1787 1330 Eccleſsa·

423 1358 508 1408 rum
534 1329 830 1431 Parocbialiuna,
856 1331 920 1413 ubi
944 1329 1021 1411 tria
1046 1332 1180 1510 egberet,
1206 1351 1381 1424 tertium,
1406 1327 1468 1405 ubi
1492 1353 1582 1404 vero
1607 1349 1788 1428 quatuor,

421 1437 594 1531 quartum
621 1461 703 1511 cum
730 1433 897 1513 omnibus
920 1431 1059 1513 redditi
1084 1460 1124 1511 us
1147 1430 1197 1511 (Ὗ
1222 1424 1476 1507 emolumentis
1501 1427 1787 1529 quandocunque

418 1560 559 1613 vacare
584 1532 788 1636 contigrffet
813 1535 933 1614 eidem
958 1529 1166 1613 seminario
1191 1533 1237 1611 ad
1260 1529 1480 1609 Tridentini
1503 1530 1674 1610 Concilii
1702 1559 1786 1612 nor·

417 1658 522 1713 mam
551 1657 734 1737 perpetuo
760 1637 885 1716 univit
922 1633 1211 1736 &applicavit.
1251 1630 1504 1713 Patriarthale
1541 1630 1696 1712 unionis
1722 1636 1787 1715 de·

416 1759 565 1815 cretum
592 1737 857 1835 confirmavit,
883 1736 1180 1840 approbavitqne
1201 1732 1783 1836 GregoriusXIII.NonisMar·

418 1836 466 1913 tii
495 1837 740 1918 Pontificatus
767 1839 823 1917 sui
849 1867 950 1919 anno
973 1861 1074 1931 x1113
1100 1863 1188 1917 cum
1212 1862 1303 1916 vero
1330 1836 1437 1937 super
1458 1835 1531 1913 hoc
1560 1837 1784 1935 Apostolicae

418 1936 557 2016 litterae
583 1940 868 2040 superveniente
896 1941 1007 2043 ipsius
1033 1938 1208 2039 Gregorii
1236 1938 1345 2016 obitu
1382 1934 1560 2015 consebiae
1588 1962 1665 2018 non
1701 1937 1785 2016 suis-

419 2037 524 2133 sem,
551 2040 677 2119 Sixtus
706 2043 802 2142 Papa
826 2045 872 2120 V.
901 2070 948 2121 ne
975 2044 1022 2120 de
1051 2037 1321 2118 Praedecefforis
1349 2036 1403 2114 sui
1427 2036 1706 2137 approbatione,
1731 2037 1782 2119 θ’

418 2139 696 2237 confirmatione
722 2138 989 2242 quomodolibet
1013 2138 1172 2242 bafitari
1192 2140 1453 2239 contingeret,
1479 2138 1697 2240 Apostolica
1718 2167 1781 2220 au·

372 2203 375 2320 i
416 2238 601 2322 thoritate
627 2244 819 2342 decrevit,
854 2243 951 2346 quod
976 2239 1185 2340 approbatio
1219 2238 1269 2319 (Τ
1294 2236 1522 2340 confirmatio
1548 2268 1572 2317 a
1597 2239 1786 2321 dibiadie

415 2348 542 2452 Nonas
569 2341 706 2422 Martii
707 2345 835 2524 suum
853 2344 1049 2447 sortiretur
1073 2341 1240 2445 estonum
1265 2355 1289 2437 ‚'
1307 2338 1461 2439 perinde
1487 2368 1531 2420 ac
1549 2340 1584 2443 st
1601 2343 1712 2444 super
1737 2338 1782 2422 il·

417 2433 474 2554 its⁸
493 2439 599 2544 ipfius
628 2467 704 2542 pra
732 2447 891 2549 ecefforis
926 2443 1060 2526 littera
1088 2445 1160 2546 sub
1196 2441 1358 2541 ejusdem
1384 2441 1459 2524 diei
1484 2439 1578 2521 data
1613 2443 1781 2540 consede

408 2540 588 2643 fustem,
608 2557 718 2642 prout
736 2547 903 2647 superius
928 2568 1141 2627 enarratur.
1169 2548 1278 2624 Datne
1304 2544 1456 2624 suerunt
1482 2543 1579 2623 Sixti
1615 2545 1780 2646 epistolae

412 2644 463 2721 ad
486 2645 674 2842 {oannem
703 2649 960 2728 Patriarcham
988 2649 1049 2728 die
1081 2677 1111 2727 1.
1140 2647 1240 2728 Maii
1267 2648 1400 2726 eodem
1428 2672 1530 2725 anno
1557 2645 1776 2725 Mouxxxv.

414 2744 476 2843 (Ε
523 2804 532 2823 .
570 2748 786 2829 Communi
814 2750 1066 2830 Ecclesrarum
1093 2751 1245 2852 querela
1282 2748 1435 2827 unionis
1473 2746 1626 2846 hujusce
1653 2748 1778 2827 decre·

412 2863 499 2925 tum
527 2873 727 2951 exceptum
755 2849 851 2948 fuit,
878 2851 1058 2954 siquidem
1084 2876 1130 2929 ex
1158 2852 1265 2931 ea&
1292 2848 1429 2928 Divini
1456 2850 1582 2928 cultus
1618 2850 1779 2947 officia,

413 2945 453 3026 8(
480 2969 612 3030 tenues
639 2953 779 3031 Veneti
790 2953 899 3033 Cleri
928 2955 1092 3034 redditus
1119 2953 1282 3032 nimium
1311 2949 1669 3045 imminuebantur3
1694 2964 1777 3052 quae

412 3051 813 3162 cumsixtoPontifici
841 3055 1111 3152 innotuissent,
1139 3051 1189 3133 ad
1206 3048 1462 3154 sublevandas
1487 3051 1634 3130 diverso
1661 3054 1776 3132 modo

414 3151 618 3231 Seminarii
643 3156 864 3258 neceffitates
889 3160 977 3236 dato
1003 3160 1129 3252 dieru.
1143 3155 1367 3235 Decembris
1393 3154 1558 3233 e'usdern
1586 3153 1677 3233 anni
1697 3179 1774 3234 am·

408 3252 793 3358 -pliffimodiplomate
806 3258 988 3355 sancivit,
1014 3282 1055 3337 ut
1069 3256 1343 3336 Monasterium
1356 3181 1565 3357 sipiritus
1577 3255 1771 3334 Venetiar.

403 3352 703 3437 ·Can0nicorum
724 3358 972 3459 Regularinm
1000 3360 1092 3439 Ord.
1119 3359 1154 3436 S.
1182 3357 1384 3458 Augustini
1406 3379 1453 3435 ex
1475 3355 1633 3457 propriis
1654 3357 1773 3436 reddi·

398 3453 541 3554 tibus,
567 3459 705 3560 quibus
715 3461 863 3563 copiose
873 3461 1074 3557 affluebat,
1101 3460 1300 3538 annuatim
1320 3459 1427 3538 mille
1447 3457 1602 3536 ducatos
1625 3459 1706 3537 auri
1724 3459 1773 3540 de

412 3556 579 3638 Cumara
605 3561 652 3639 ad
678 3561 808 3642 decem
834 3590 953 3645 annos
981 3564 1148 3662 integros
1174 3587 1195 3638 a
1220 3562 1309 3640 dato
1335 3560 1541 3661 diplomate
1569 3585 1771 3639 numeran-

403 3657 508 3754 'dos‚
530 3660 681 3741 Veneto
694 3664 928 3764 Sentinum,
957 3666 1018 3743 vel
1040 3663 1118 3762 ejus
1139 3661 1374 3744 Procuratori
1393 3662 1630 3764 persolveret.
1648 3663 1661 3762 (
1681 3660 1768 3758 F).

376 3754 384 3771 ⁸
407 3759 531 3873 Quos,
543 3765 647 3862 quod
655 3765 769 3848 nimis
780 3794 893 3869 grave
905 3766 1128 3862 videbatur,
1150 3763 1384 3845 Monasterio
1395 3767 1430 3843 S.
1443 3763 1603 3879 Spiritus
1613 3762 1769 3864 perSix·

409 3875 441 3935 tr
461 3864 564 3964 Papa
579 3867 624 3943 V.
644 3867 1019 3971 decretaimposnum
1043 3867 1168 3967 aliqua
1190 3892 1236 3948 ex
1257 3865 1763 3975 parteirnminuitClemens

404 3961 516 4041 VIII.
544 3966 767 4067 pensionem¹
783 3971 886 4050 emm
912 3994 1077 4049 annuam
1097 3968 1285 4069 scutorum
1305 3990 1546 4053 trecentorum
1559 3966 1766 4065 saper'Hre·

405 4068 619 4170 ‘rapetrensts
653 4069 703 4151 (J
728 4067 917 4170 Sitbienfis
943 4070 1150 4171 mensarum
1176 4063 1446 4169 Episcopalium
1482 4064 1683 4148 redditibus
1718 4067 1765 4146 ad

405 4165 633 4250 decennium
672 4198 738 4273 pro
765 4172 903 4251 Veneti
938 4173 1141 4253 Seminarii
1177 4170 1359 4252 alimonia
1396 4172 1569 4252 statutam
1597 4169 1643 4249 de
1680 4194 1767 4249 one·

403 4291 445 4348 re
466 4270 555 4349 diui
578 4271 802 4352 Monastetii
830 4273 971 4354 delevit
989 4274 1204 4392 Apostolica
1232 4275 1336 4354 bulla
1361 4276 1421 4353 die
1435 4274 1682 4371 romanon.
1704 4269 1766 4348 da-

395 4385 443 4449 na
477 4397 577 4456 anno
603 4373 879 4458 iucarnationis
905 4376 1122 4460 Dominrcae
1149 4378 1330 4459 Muvnc.
1357 4371 1484 4478 (G).
1522 4373 1763 4494 Decennium
1794 4415 1798 4424 ²

1617 4495 1712 4555 mte-
