3850 5317
423 431 1247 529 S.JoserrtEaau·traautt..
1369 460 1449 543 251

163 578 216 658 0.st
243 567 487 682 perexiguum
517 565 753 646 laoniarium
780 591 983 648 numerum
1010 569 1181 668 augere,
1208 592 1252 648 ut
1277 582 1403 659 officia
1428 584 1514 660 reli·

162 675 312 776 gionis,
336 697 417 774 qua
445 693 539 770 agre
567 670 717 770 impleri
745 691 942 770 poterant,
968 673 1209 750 commodius
1227 697 1513 759 exercerentur.

164 777 308 856 Tribus
336 776 452 874 igitur
477 769 642 871 antiquis
668 772 852 850 Asceterii
881 771 1017 854 incolis
1043 771 1204 851 totidem
1232 774 1380 871 adjecta
1407 781 1516 877 sunt,

164 904 247 981 quae
273 901 319 956 eo
354 877 396 953 in
422 877 510 951 loco
535 872 744 951 constantes
780 875 1148 976 perseveraverunt,
1185 901 1301 975 usque
1327 878 1373 955 ad
1399 880 1515 958 linem

160 980 313 1059 circiter
339 976 462 1054 saculi
488 975 656 1072 ejusdem
668 965 778 1067 xirtt3
804 976 864 1052 Eo
890 975 998 1051 enim
1024 994 1219 1076 tempore,
1246 979 1515 1070 cunr'vetuliil}

162 1082 254 1160 fima
282 1078 476 1156 Diuorum
512 1078 790 1176 Hermagora,
827 1076 864 1154 8<
891 1075 1094 1153 Fortunati
1120 1076 1287 1154 Ecclesia
1314 1078 1516 1170 instantem

160 1182 404 1286 minitaretur
441 1178 613 1270 ruinam,
639 1171 767 1256 acilini
792 1176 842 1254 est
880 1178 925 1255 de
952 1176 1102 1256 reclusis
1128 1178 1361 1258 monialibus
1386 1201 1517 1284 oppon

162 1282 310 1362 tuniori
347 1283 387 1359 in
412 1281 507 1358 AEde
542 1279 808 1358 collocandia'.
844 1279 1102 1357 Eremitarum
1139 1279 1266 1380 itaque
1293 1283 1516 1359 Procurato-

160 1409 221 1462 res
249 1404 381 1483 paratae
408 1383 512 1460 AEdis
538 1380 772 1459 occafionem
798 1378 919 1474 nacti,
945 1405 1059 1481 quam
1086 1382 1127 1458 in
1155 1381 1325 1482 pauperis
1350 1378 1519 1482 Hospilii
1581 1425 1587 1436 ’

162 1484 326 1562 formant
354 1484 420 1562 sibi
448 1482 729 1561 construxerant
745 1483 889 1560 Fratres
902 1482 1078 1561 Minores
1106 1481 1297 1561 strislioris
1323 1484 1519 1561 observatr-

161 1585 265 1680 tiae‚
298 1605 500 1684 antequam
530 1579 804 1652 Monalietium
842 1582 937 1653 Dtvi
965 1585 1241 1662 bonaventura
1281 1584 1321 1661 in
1348 1605 1518 1662 extrema

161 1686 281 1764 Urbis
308 1709 413 1776 parte
436 1674 687 1770 aedlficarent‚
710 1675 974 1754 illam-ssoluto
1002 1676 1126 1777 pretio
1153 1676 1193 1752 in
1211 1676 1443 1763 Molliulium
1459 1685 1520 1761 ha.

164 1786 390 1865 §irationem
416 1793 703 1874 compararunt.
720 1777 901 1856 'Obtenta
927 1801 1030 1856 mortv
1045 1801 1092 1856 ex
1117 1776 1396 1856 sestercio
1420 1783 1535 1859 anno¹

161 1877 554 1962 procumbunt.
581 1878 741 1976 Augusti
755 1879 832 1956 lato
845 1879 910 1977 (K)
923 1881 1048 1978 ampla
1060 1878 1268 1957 :edificandi
1294 1878 1521 1960 Monasterii

162 1979 366 2072 facultate,
392 2001 436 2054 ea
461 1998 590 2053 tamen
615 1977 837 2056 conditione
864 1980 1052 2077 apposita,
1079 2003 1127 2056 ne
1153 1980 1255 2057 ineo
1269 1979 1354 2054 loco
1369 1980 1520 2060 Mottia-

163 2085 220 2163 les
248 2082 407 2180 plures,
445 2101 559 2175 quarn
589 2078 650 2154 sex
674 2080 1003 2165 adoneae-rentur,
1041 2082 1143 2148 sacro
1169 2076 1274 2171 operi
1300 2087 1435 2155 manus
1462 2083 1520 2160 adr

165 2202 379 2272 movetur,
405 2176 506 2275 quod
534 2170 705 2272 pecuniis
733 2169 964 2269 potissimum
991 2195 1013 2245 a
1039 2170 1176 2249 Sanbio
1203 2175 1418 2254 Donadono
1443 2181 1522 2257 Do·

161 2282 268 2362 mitii
294 2279 388 2356 olirn
417 2278 498 2353 filio
526 2275 586 2374 pie
614 2271 746 2371 legatis
771 2269 979 2371 persestum
1008 2270 1083 2367 est,
1109 2272 1150 2349 in
1173 2274 1279 2371 cujus
1300 2271 1540 2359 fundament·

160 2386 211 2463 tic
242 2380 433 2460 numisma
458 2375 648 2471 ‘injectum
687 2373 760 2450 fuit
784 2374 847 2449 -ab
884 2397 957 2448 una
996 2393 1119 2470 parte»
1138 2375 1375 2453 Salvatotern
1412 2381 1517 2458 exhi-

165 2489 261 2580 bens
290 2483 348 2559 ltis
373 2478 650 2557 circumdatum
677 2473 824 2552 verbis:
839 2473 1517 2577 JesusNuzrnunusRexJudaeorum,

163 2590 215 2663 ab
242 2581 315 2657 alia
333 2604 434 2655 uero
459 2577 690 2682 epigraphen
718 2573 816 2653 lianc
842 2575 1028 2653 reserent:
1053 2575 1235 2672 egredere
1260 2579 1433 2657 renarra
1452 2603 1519 2658 tua

163 2688 217 2765 (δ’
242 2671 472 2759 Benedicam‘
491 2676 562 2756 ribi
593 2681 697 2777 1693.
724 2669 941 2753 Translatio
966 2675 1217 2754 Eremitarum
1240 2689 1277 2756 S.
1300 2677 1517 2782 Augustini.

163 2789 286 2866 Anno
314 2782 441 2883 itaque
477 2777 714 2878 subsequenti
745 2777 942 2855 Mocutcz·
959 2778 1122 2876 Joannec
1146 2778 1334 2858 Btduario
1361 2783 1518 2863 Paniar-

164 2888 239 2966 cha
267 2884 541 2977 Veneriorum,
568 2882 727 2958 reclusas
752 2877 1067 2958 Sanelitnoniales
1092 2884 1140 2958 ab
1167 2879 1513 2967 arcioEretnitorio

164 2989 213 3066 ad
241 3011 340 3064 nova
367 2982 523 3064 claustra
549 2981 703 3058 deduxit
733 3034 746 3075 ,
773 3003 845 3058 nec
871 2981 995 3058 tnulto
1021 2979 1100 3080 post
1127 2981 1236 3060 limes
1263 2982 1330 3061 ille
1358 3009 1517 3065 numero

165 3087 407 3167 Monialium
433 3082 658 3161 constitutur
683 3101 730 3157 ex
758 3082 796 3157 P.
816 3079 864 3156 C.
893 3078 1076 3180 suffragiis
1102 3083 1303 3182 ampliatus
1329 3083 1424 3179 fuit,
1450 3109 1518 3162 utt-

166 3191 216 3269 de
254 3188 383 3266 inulta
420 3181 682 3286 rigidissimum
710 3179 925 3261 Eremiticae
963 3181 1052 3262 vitae
1088 3181 1303 3262 inllitutum
1340 3184 1519 3287 atnplelli

222 3309 397 3367 tuerunt.
671 3341 673 3346 -
936 3305 947 3318 ’·

166 3313 355 3466 PoEresla
370 3390 457 3466 inde
468 3388 632 3488 eleganti
645 3385 835 3483 Ecclesia,
859 3405 972 3488 quam
984 3383 1205 3463 Sanciillittri
1215 3383 1324 3485 Iesu,
1353 3382 1519 3479 Maria,-

168 3494 209 3570 &
235 3491 373 3665 Ioseph
400 3491 618 3568 nominibus
646 3492 784 3568 sacram
810 3489 880 3566 else
908 3487 1134 3581 voluerunt,
1161 3506 1203 3563 ut
1231 3488 1336 3565 locus
1363 3486 1515 3584 plenam

169 3589 336 3689 teligiot
365 3589 473 3667 ssatus
501 3591 766 3689 perfeetionem
794 3591 1015 3684 obtineret,
1042 3587 1247 3689 supplicet,
1274 3587 1517 3688 permittente

171 3696 339 3786 Senatu,
366 3694 539 3767 Romano
558 3691 730 3767 Pontifici
757 3694 952 3770 Clementi
980 3689 1046 3769 XI.
1074 3691 1224 3768 libellos
1251 3704 1526 3788 porrexerunt,

172 3821 275 3873 anno
304 3794 554 3870 Moccxvttt.
581 3811 692 3890 atque
717 3794 765 3868 ab
778 3794 1000 3891 Apollolica
1027 3794 1131 3871 Sedis
1147 3790 1389 3868 authoritate
1415 3809 1519 3885 optas

173 3918 257 3974 turn
285 3915 471 3994 perpetuat
498 3894 673 3970 clausura
700 3916 836 3969 munus
862 3894 1133 3994 implorarunt.
1161 3894 1245 3970 Hoc
1268 3915 1354 3969 curn
1377 3888 1441 3966 fibi
1470 3909 1520 3964 ex

174 3995 375 4073 Pontificia
404 3994 627 4071 liberalitate
653 3993 864 4071 concellum
890 3995 1046 4087 suisset,
1073 3997 1201 4070 Petrus
1227 3990 1431 4069 Raibadico
1454 3991 1518 4065 Pa-

179 4095 342 4172 triarcha
370 4096 652 4190 Veneriorum,
677 4095 738 4172 die
770 4123 849 4173 111.
875 4096 979 4194 Junii
1008 4096 1251 4172 Moccxxu.
1280 4089 1518 4170 Asceterium

177 4198 248 4275 sub
278 4196 370 4270 Diri
400 4195 598 4297 Augustini
636 4197 764 4293 regula
800 4196 841 4273 in
864 4196 1038 4295 rigidiori
1076 4215 1253 4271 votorum
1280 4189 1518 4270 observantia

180 4296 428 4380 constitutum
455 4298 635 4397 religiosa
661 4299 854 4377 Clausura
882 4297 1083 4399 privilegio
1119 4320 1167 4376 ex
1191 4284 1520 4404 demandatoustbi

182 4399 314 4481 officio
340 4398 560 4482 solemniter
585 4398 801 4501 infigttiv'tt.
829 4401 906 4504 (L)
989 4502 1009 4581 l
1359 4491 1395 4572 Α

1019 4502 1033 4582 i
1085 4530 1108 4581 2
1398 4509 1478 4568 lam
