<?xml version="1.0" encoding="UTF-8"?>
<!DOCTYPE html PUBLIC "-//W3C//DTD XHTML 1.0 Transitional//EN"
    "http://www.w3.org/TR/xhtml1/DTD/xhtml1-transitional.dtd">
<html xmlns="http://www.w3.org/1999/xhtml" xml:lang="en" lang="en">
 <head>
  <title>
</title>
<meta http-equiv="Content-Type" content="text/html;charset=utf-8" />
  <meta name='ocr-system' content='tesseract 3.04.00' />
  <meta name='ocr-capabilities' content='ocr_page ocr_carea ocr_par ocr_line ocrx_word'/>
</head>
<body>
  <div class='ocr_page' id='page_1' title='image "./ecclesiaeveneta00pasqgoog_0352.png"; bbox 0 0 3850 5317; ppageno 0'>
   <div class='ocr_carea' id='block_1_1' title="bbox 753 498 3574 1746">
    <p class='ocr_par' dir='ltr' id='par_1_1' title="bbox 753 498 3574 1746">
     <span class='ocr_line' id='line_1_1' title="bbox 753 498 3574 1746; baseline 0 0"><span class='ocrx_word' id='word_1_1' title='bbox 753 498 3574 1746; x_wconf 95' lang='lat' dir='ltr'><strong> </strong></span> 
     </span>
    </p>
   </div>
   <div class='ocr_carea' id='block_1_2' title="bbox 883 1848 3473 2742">
    <p class='ocr_par' dir='ltr' id='par_1_2' title="bbox 883 1848 3473 2742">
     <span class='ocr_line' id='line_1_2' title="bbox 2036 1848 2763 1964; baseline -0.001 0"><span class='ocrx_word' id='word_1_2' title='bbox 2036 1854 2150 1964; x_wconf 87' lang='lat' dir='ltr'>D</span> <span class='ocrx_word' id='word_1_3' title='bbox 2250 1848 2338 1964; x_wconf 78' lang='lat' dir='ltr'>E</span> <span class='ocrx_word' id='word_1_4' title='bbox 2731 1946 2763 1963; x_wconf 83' lang='grc'><strong>..</strong></span> 
     </span>
     <span class='ocr_line' id='line_1_3' title="bbox 1080 2020 3302 2257; baseline -0.004 -47"><span class='ocrx_word' id='word_1_5' title='bbox 1080 2087 2176 2257; x_wconf 79' lang='lat' dir='ltr'><strong>EchEslA</strong></span> <span class='ocrx_word' id='word_1_6' title='bbox 2323 2020 3302 2204; x_wconf 58' lang='lat' dir='ltr'><strong>Er&#39;moe</strong></span> 
     </span>
     <span class='ocr_line' id='line_1_4' title="bbox 883 2271 3473 2511; baseline -0.005 -31"><span class='ocrx_word' id='word_1_7' title='bbox 883 2321 2190 2480; x_wconf 82' lang='lat' dir='ltr'><strong>SANCTAE</strong></span> <span class='ocrx_word' id='word_1_8' title='bbox 2384 2271 3473 2511; x_wconf 58' lang='lat' dir='ltr'>MARLAE</span> 
     </span>
     <span class='ocr_line' id='line_1_5' title="bbox 1348 2536 3042 2742; baseline -0.004 -28"><span class='ocrx_word' id='word_1_9' title='bbox 1348 2536 1604 2714; x_wconf 82' lang='lat' dir='ltr'><strong>DE</strong></span> <span class='ocrx_word' id='word_1_10' title='bbox 1752 2554 3042 2742; x_wconf 60' lang='lat' dir='ltr'><strong>suco-osso.</strong></span> 
     </span>
    </p>
   </div>
   <div class='ocr_carea' id='block_1_3' title="bbox 735 2853 3527 4586">
    <p class='ocr_par' dir='ltr' id='par_1_3' title="bbox 735 2853 3527 3266">
     <span class='ocr_line' id='line_1_6' title="bbox 735 2853 3527 2960; baseline -0 -15"><span class='ocrx_word' id='word_1_11' title='bbox 735 2881 750 2890; x_wconf 82' lang='grc'><strong>’</strong></span> <span class='ocrx_word' id='word_1_12' title='bbox 1312 2861 1684 2945; x_wconf 85' lang='lat' dir='ltr'><strong>Aximum</strong></span> <span class='ocrx_word' id='word_1_13' title='bbox 1736 2857 1931 2937; x_wconf 87' lang='lat' dir='ltr'><strong>illud</strong></span> <span class='ocrx_word' id='word_1_14' title='bbox 1981 2853 2435 2938; x_wconf 71' lang='lat' dir='ltr'><strong>Christianae.</strong></span> <span class='ocrx_word' id='word_1_15' title='bbox 2487 2854 2880 2958; x_wconf 84' lang='lat' dir='ltr'><strong>religionis</strong></span> <span class='ocrx_word' id='word_1_16' title='bbox 2950 2883 3141 2960; x_wconf 87' lang='lat' dir='ltr'><strong>opus</strong></span> <span class='ocrx_word' id='word_1_17' title='bbox 3209 2858 3527 2944; x_wconf 82' lang='lat' dir='ltr'><strong>inhone-</strong></span> 
     </span>
     <span class='ocr_line' id='line_1_7' title="bbox 1364 2956 3525 3062; baseline 0.001 -20"><span class='ocrx_word' id='word_1_18' title='bbox 1364 2963 1501 3042; x_wconf 87' lang='lat' dir='ltr'><strong>stas</strong></span> <span class='ocrx_word' id='word_1_19' title='bbox 1551 2959 1900 3040; x_wconf 84' lang='lat' dir='ltr'><strong>foeminas</strong></span> <span class='ocrx_word' id='word_1_20' title='bbox 1949 2960 2046 3038; x_wconf 87' lang='lat' dir='ltr'><strong>ab</strong></span> <span class='ocrx_word' id='word_1_21' title='bbox 2097 2956 2534 3060; x_wconf 80' lang='lat' dir='ltr'><strong>impuritate</strong></span> <span class='ocrx_word' id='word_1_22' title='bbox 2555 2959 2974 3058; x_wconf 84' lang='lat' dir='ltr'><strong>evocandi,</strong></span> <span class='ocrx_word' id='word_1_23' title='bbox 3027 2961 3360 3062; x_wconf 85' lang='lat' dir='ltr'><strong>atquein</strong></span> <span class='ocrx_word' id='word_1_24' title='bbox 3379 2991 3525 3044; x_wconf 89' lang='lat' dir='ltr'><strong>cer·</strong></span> 
     </span>
     <span class='ocr_line' id='line_1_8' title="bbox 1365 3059 3521 3166; baseline 0.001 -24"><span class='ocrx_word' id='word_1_25' title='bbox 1365 3086 1529 3142; x_wconf 84' lang='lat' dir='ltr'><strong>turn</strong></span> <span class='ocrx_word' id='word_1_26' title='bbox 1581 3059 2056 3166; x_wconf 64' lang='lat' dir='ltr'><strong>poenitentiae</strong></span> <span class='ocrx_word' id='word_1_27' title='bbox 2104 3061 2362 3140; x_wconf 88' lang='lat' dir='ltr'><strong>locum</strong></span> <span class='ocrx_word' id='word_1_28' title='bbox 2415 3063 2972 3162; x_wconf 76' lang='lat' dir='ltr'><strong>congregandi,</strong></span> <span class='ocrx_word' id='word_1_29' title='bbox 3024 3063 3315 3164; x_wconf 88' lang='lat' dir='ltr'><strong>primus</strong></span> <span class='ocrx_word' id='word_1_30' title='bbox 3366 3091 3521 3144; x_wconf 90' lang='lat' dir='ltr'><strong>om-</strong></span> 
     </span>
     <span class='ocr_line' id='line_1_9' title="bbox 1361 3155 3524 3266; baseline -0.001 -20"><span class='ocrx_word' id='word_1_31' title='bbox 1361 3166 1577 3246; x_wconf 76' lang='lat' dir='ltr'><strong>nium</strong></span> <span class='ocrx_word' id='word_1_32' title='bbox 1629 3155 2150 3266; x_wconf 62' lang='lat' dir='ltr'><strong>aggressusest</strong></span> <span class='ocrx_word' id='word_1_33' title='bbox 2204 3160 2285 3242; x_wconf 86' lang='lat' dir='ltr'><strong>in</strong></span> <span class='ocrx_word' id='word_1_34' title='bbox 2327 3163 2580 3242; x_wconf 80' lang='lat' dir='ltr'><strong>Insula</strong></span> <span class='ocrx_word' id='word_1_35' title='bbox 2630 3164 2699 3242; x_wconf 85' lang='lat' dir='ltr'><strong>S.</strong></span> <span class='ocrx_word' id='word_1_36' title='bbox 2723 3163 3034 3247; x_wconf 83' lang='lat' dir='ltr'><strong>Christo</strong></span> <span class='ocrx_word' id='word_1_37' title='bbox 3092 3164 3296 3259; x_wconf 83' lang='lat' dir='ltr'><strong>hori,</strong></span> <span class='ocrx_word' id='word_1_38' title='bbox 3352 3165 3524 3244; x_wconf 84' lang='lat' dir='ltr'><strong>Bar-</strong></span> 
     </span>
    </p>

    <p class='ocr_par' dir='ltr' id='par_1_4' title="bbox 1353 3262 3518 3364">
     <span class='ocr_line' id='line_1_10' title="bbox 1353 3262 3518 3364; baseline -0.001 -18"><span class='ocrx_word' id='word_1_39' title='bbox 1353 3270 1810 3353; x_wconf 60' lang='lat' dir='ltr'><strong>tholummus</strong></span> <span class='ocrx_word' id='word_1_40' title='bbox 1886 3263 2167 3342; x_wconf 74' lang='lat' dir='ltr'><strong>Viridis</strong></span> <span class='ocrx_word' id='word_1_41' title='bbox 2219 3265 2247 3363; x_wconf 90' lang='lat'>(</span> <span class='ocrx_word' id='word_1_42' title='bbox 2299 3262 2482 3348; x_wconf 68' lang='lat' dir='ltr'><strong>hoc„</strong></span> <span class='ocrx_word' id='word_1_43' title='bbox 2521 3263 2624 3343; x_wconf 87' lang='lat' dir='ltr'><strong>in.</strong></span> <span class='ocrx_word' id='word_1_44' title='bbox 2658 3268 2908 3364; x_wconf 88' lang='lat' dir='ltr'><strong>Opere</strong></span> <span class='ocrx_word' id='word_1_45' title='bbox 2981 3265 3009 3343; x_wconf 89' lang='lat' dir='ltr'><strong>i</strong></span> <span class='ocrx_word' id='word_1_46' title='bbox 3069 3293 3116 3344; x_wconf 96' lang='lat' dir='ltr'><strong>o</strong></span> <span class='ocrx_word' id='word_1_47' title='bbox 3183 3264 3518 3343; x_wconf 78' lang='lat' dir='ltr'><strong>diximus</strong></span> 
     </span>
    </p>

    <p class='ocr_par' dir='ltr' id='par_1_5' title="bbox 831 3363 3518 3470">
     <span class='ocr_line' id='line_1_11' title="bbox 831 3363 3518 3470; baseline -0.001 -23"><span class='ocrx_word' id='word_1_48' title='bbox 831 3367 1161 3447; x_wconf 78' lang='lat' dir='ltr'><strong>To&#39;m.1.</strong></span> <span class='ocrx_word' id='word_1_49' title='bbox 1215 3392 1377 3470; x_wconf 84' lang='lat' dir='ltr'>pag.</span> <span class='ocrx_word' id='word_1_50' title='bbox 1409 3370 1625 3470; x_wconf 56' lang='grc' dir='ltr'><strong>ης.)</strong></span> <span class='ocrx_word' id='word_1_51' title='bbox 1681 3366 1882 3470; x_wconf 73' lang='lat' dir='ltr'><strong>quud</strong></span> <span class='ocrx_word' id='word_1_52' title='bbox 1938 3386 2194 3446; x_wconf 78' lang='lat' dir='ltr'><strong>tamen</strong></span> <span class='ocrx_word' id='word_1_53' title='bbox 2248 3365 2354 3467; x_wconf 87' lang='lat' dir='ltr'><strong>pii</strong></span> <span class='ocrx_word' id='word_1_54' title='bbox 2407 3365 2558 3444; x_wconf 85' lang='lat' dir='ltr'><strong>viri</strong></span> <span class='ocrx_word' id='word_1_55' title='bbox 2613 3363 3045 3446; x_wconf 88' lang='lat' dir='ltr'><strong>institutum</strong></span> <span class='ocrx_word' id='word_1_56' title='bbox 3098 3363 3518 3446; x_wconf 85' lang='lat' dir='ltr'><strong>deficienti-</strong></span> 
     </span>
    </p>

    <p class='ocr_par' dir='ltr' id='par_1_6' title="bbox 822 3466 3523 3570">
     <span class='ocr_line' id='line_1_12' title="bbox 822 3466 3523 3570; baseline -0 -23"><span class='ocrx_word' id='word_1_57' title='bbox 822 3469 967 3549; x_wconf 88' lang='lat' dir='ltr'><strong>bus</strong></span> <span class='ocrx_word' id='word_1_58' title='bbox 1018 3467 1178 3570; x_wconf 88' lang='lat' dir='ltr'><strong>post</strong></span> <span class='ocrx_word' id='word_1_59' title='bbox 1228 3469 1385 3568; x_wconf 77' lang='lat' dir='ltr'><strong>ejus</strong></span> <span class='ocrx_word' id='word_1_60' title='bbox 1433 3470 1739 3550; x_wconf 67' lang='lat' dir='ltr'><strong>obitum</strong></span> <span class='ocrx_word' id='word_1_61' title='bbox 1810 3468 1902 3550; x_wconf 74' lang='lat' dir='ltr'><strong>ad</strong></span> <span class='ocrx_word' id='word_1_62' title='bbox 1954 3466 2107 3546; x_wconf 80' lang='lat' dir='ltr'><strong>loci</strong></span> <span class='ocrx_word' id='word_1_63' title='bbox 2161 3466 2777 3548; x_wconf 82' lang='lat' dir='ltr'><strong>sustentationem</strong></span> <span class='ocrx_word' id='word_1_64' title='bbox 2845 3468 3149 3570; x_wconf 87' lang='lat' dir='ltr'><strong>piorum</strong></span> <span class='ocrx_word' id='word_1_65' title='bbox 3200 3467 3523 3547; x_wconf 87' lang='lat' dir='ltr'><strong>eleemo-</strong></span> 
     </span>
    </p>

    <p class='ocr_par' dir='ltr' id='par_1_7' title="bbox 820 3567 3182 3671">
     <span class='ocr_line' id='line_1_13' title="bbox 820 3567 3182 3671; baseline -0.003 -21"><span class='ocrx_word' id='word_1_66' title='bbox 820 3567 998 3650; x_wconf 88' lang='lat' dir='ltr'><strong>finis</strong></span> <span class='ocrx_word' id='word_1_67' title='bbox 1049 3570 1143 3649; x_wconf 88' lang='lat' dir='ltr'><strong>ad</strong></span> <span class='ocrx_word' id='word_1_68' title='bbox 1195 3573 1428 3651; x_wconf 87' lang='lat' dir='ltr'><strong>breve</strong></span> <span class='ocrx_word' id='word_1_69' title='bbox 1474 3594 1773 3671; x_wconf 88' lang='lat' dir='ltr'><strong>tempus</strong></span> <span class='ocrx_word' id='word_1_70' title='bbox 1828 3568 2299 3670; x_wconf 86' lang='lat' dir='ltr'><strong>perduravit.</strong></span> <span class='ocrx_word' id='word_1_71' title='bbox 3047 3570 3058 3579; x_wconf 82' lang='grc'><strong>“</strong></span> <span class='ocrx_word' id='word_1_72' title='bbox 3172 3646 3182 3654; x_wconf 69' lang='grc'><em>,</em></span> 
     </span>
    </p>

    <p class='ocr_par' dir='ltr' id='par_1_8' title="bbox 820 3661 3526 4485">
     <span class='ocr_line' id='line_1_14' title="bbox 924 3661 3517 3762; baseline 0.001 -14"><span class='ocrx_word' id='word_1_73' title='bbox 924 3669 1259 3751; x_wconf 88' lang='lat' dir='ltr'><strong>Felicius</strong></span> <span class='ocrx_word' id='word_1_74' title='bbox 1322 3697 1439 3752; x_wconf 90' lang='lat' dir='ltr'><strong>res</strong></span> <span class='ocrx_word' id='word_1_75' title='bbox 1491 3673 1651 3752; x_wconf 67' lang='lat' dir='ltr'><strong>asta</strong></span> <span class='ocrx_word' id='word_1_76' title='bbox 1704 3661 2101 3762; x_wconf 30' lang='lat' dir='ltr'><strong>fuit-anno</strong></span> <span class='ocrx_word' id='word_1_77' title='bbox 2155 3668 2692 3750; x_wconf 76' lang='lat' dir='ltr'><strong>MDLxxvrrr.</strong></span> <span class='ocrx_word' id='word_1_78' title='bbox 2770 3669 3062 3750; x_wconf 84' lang='lat' dir='ltr'><strong>Divina</strong></span> <span class='ocrx_word' id='word_1_79' title='bbox 3118 3669 3517 3752; x_wconf 88' lang='lat' dir='ltr'><strong>Providen-</strong></span> 
     </span>
     <span class='ocr_line' id='line_1_15' title="bbox 820 3770 3517 3875; baseline 0 -25"><span class='ocrx_word' id='word_1_80' title='bbox 820 3771 932 3850; x_wconf 84' lang='lat' dir='ltr'><strong>tia</strong></span> <span class='ocrx_word' id='word_1_81' title='bbox 983 3771 1121 3873; x_wconf 83' lang='lat' dir='ltr'><strong>piae</strong></span> <span class='ocrx_word' id='word_1_82' title='bbox 1175 3770 1421 3852; x_wconf 83' lang='lat' dir='ltr'><strong>viduae</strong></span> <span class='ocrx_word' id='word_1_83' title='bbox 1476 3774 1800 3854; x_wconf 89' lang='lat' dir='ltr'><strong>studium</strong></span> <span class='ocrx_word' id='word_1_84' title='bbox 1856 3771 2189 3870; x_wconf 77' lang='lat' dir='ltr'><strong>mirabili</strong></span> <span class='ocrx_word' id='word_1_85' title='bbox 2231 3775 2523 3875; x_wconf 81' lang='lat' dir='ltr'><strong>prorsus</strong></span> <span class='ocrx_word' id='word_1_86' title='bbox 2547 3773 2774 3851; x_wconf 88' lang='lat' dir='ltr'><strong>modo</strong></span> <span class='ocrx_word' id='word_1_87' title='bbox 2800 3794 3283 3874; x_wconf 82' lang='lat' dir='ltr'>protegente.</span> <span class='ocrx_word' id='word_1_88' title='bbox 3341 3773 3517 3852; x_wconf 89' lang='lat' dir='ltr'><strong>Fuit</strong></span> 
     </span>
     <span class='ocr_line' id='line_1_16' title="bbox 822 3872 3518 3990; baseline 0 -39"><span class='ocrx_word' id='word_1_89' title='bbox 822 3872 987 3952; x_wconf 83' lang='lat' dir='ltr'><strong>haee</strong></span> <span class='ocrx_word' id='word_1_90' title='bbox 1041 3873 1420 3954; x_wconf 87' lang='lat' dir='ltr'><strong>Veronica</strong></span> <span class='ocrx_word' id='word_1_91' title='bbox 1446 3876 1783 3971; x_wconf 87' lang='lat' dir='ltr'><strong>Franco,</strong></span> <span class='ocrx_word' id='word_1_92' title='bbox 1834 3872 2006 3974; x_wconf 62' lang='lat' dir='ltr'><strong>qua‘z‘</strong></span> <span class='ocrx_word' id='word_1_93' title='bbox 2041 3872 2485 3990; x_wconf 36' lang='lat' dir='ltr'><strong>&#39;hujusmodi</strong></span> <span class='ocrx_word' id='word_1_94' title='bbox 2541 3874 2952 3953; x_wconf 87' lang='lat' dir='ltr'><strong>mulierum</strong></span> <span class='ocrx_word' id='word_1_95' title='bbox 3001 3877 3310 3955; x_wconf 73' lang='lat' dir='ltr'><strong>turbam</strong></span> <span class='ocrx_word' id='word_1_96' title='bbox 3353 3874 3518 3976; x_wconf 89' lang='lat' dir='ltr'><strong>plus</strong></span> 
     </span>
     <span class='ocr_line' id='line_1_17' title="bbox 825 3975 3523 4079; baseline 0.001 -29"><span class='ocrx_word' id='word_1_97' title='bbox 825 3995 1042 4053; x_wconf 75' lang='lat' dir='ltr'><strong>aeuuo</strong></span> <span class='ocrx_word' id='word_1_98' title='bbox 1093 3976 1514 4057; x_wconf 87' lang='lat' dir='ltr'><strong>excrescere</strong></span> <span class='ocrx_word' id='word_1_99' title='bbox 1565 3977 1646 4056; x_wconf 90' lang='lat' dir='ltr'><strong>in</strong></span> <span class='ocrx_word' id='word_1_100' title='bbox 1696 3975 2120 4056; x_wconf 85' lang='lat' dir='ltr'><strong>animarum</strong></span> <span class='ocrx_word' id='word_1_101' title='bbox 2174 3975 2584 4078; x_wconf 85' lang='lat' dir='ltr'><strong>perniciem</strong></span> <span class='ocrx_word' id='word_1_102' title='bbox 2647 3975 3192 4079; x_wconf 83' lang='lat' dir='ltr'><strong>ingemiscens,</strong></span> <span class='ocrx_word' id='word_1_103' title='bbox 3246 3997 3332 4054; x_wconf 93' lang='lat' dir='ltr'><strong>ut</strong></span> <span class='ocrx_word' id='word_1_104' title='bbox 3354 4000 3523 4071; x_wconf 79' lang='lat' dir='ltr'><strong>eas,</strong></span> 
     </span>
     <span class='ocr_line' id='line_1_18' title="bbox 826 4070 3523 4189; baseline 0.001 -39"><span class='ocrx_word' id='word_1_105' title='bbox 826 4095 978 4189; x_wconf 67' lang='lat' dir='ltr'><strong>quq</strong></span> <span class='ocrx_word' id='word_1_106' title='bbox 1028 4070 1133 4153; x_wconf 89' lang='lat' dir='ltr'><strong>fas</strong></span> <span class='ocrx_word' id='word_1_107' title='bbox 1185 4097 1342 4174; x_wconf 60' lang='lat' dir='ltr'><strong>erat</strong></span> <span class='ocrx_word' id='word_1_108' title='bbox 1411 4077 1703 4158; x_wconf 85' lang='lat' dir='ltr'><strong>ratione</strong></span> <span class='ocrx_word' id='word_1_109' title='bbox 1757 4104 1798 4158; x_wconf 95' lang='lat' dir='ltr'><strong>e</strong></span> <span class='ocrx_word' id='word_1_110' title='bbox 1852 4099 2332 4179; x_wconf 86' lang='lat' dir='ltr'><strong>peccatorum</strong></span> <span class='ocrx_word' id='word_1_111' title='bbox 2384 4103 2611 4157; x_wconf 90' lang='lat' dir='ltr'><strong>coeno</strong></span> <span class='ocrx_word' id='word_1_112' title='bbox 2665 4097 3085 4175; x_wconf 86' lang='lat' dir='ltr'><strong>evocaret,</strong></span> <span class='ocrx_word' id='word_1_113' title='bbox 3157 4076 3232 4156; x_wconf 77' lang='lat'><strong>8&lt;</strong></span> <span class='ocrx_word' id='word_1_114' title='bbox 3286 4077 3368 4157; x_wconf 91' lang='lat' dir='ltr'><strong>in</strong></span> <span class='ocrx_word' id='word_1_115' title='bbox 3422 4075 3523 4154; x_wconf 86' lang='lat' dir='ltr'><strong>sa·</strong></span> 
     </span>
     <span class='ocr_line' id='line_1_19' title="bbox 825 4171 3523 4278; baseline 0 -25"><span class='ocrx_word' id='word_1_116' title='bbox 825 4171 1015 4256; x_wconf 80' lang='lat' dir='ltr'><strong>lutrs</strong></span> <span class='ocrx_word' id='word_1_117' title='bbox 1069 4176 1452 4258; x_wconf 88' lang='lat' dir='ltr'><strong>tramitem</strong></span> <span class='ocrx_word' id='word_1_118' title='bbox 1505 4181 1940 4278; x_wconf 85' lang='lat' dir='ltr'><strong>reduceret,</strong></span> <span class='ocrx_word' id='word_1_119' title='bbox 1992 4178 2210 4258; x_wconf 87' lang='lat' dir='ltr'><strong>omni</strong></span> <span class='ocrx_word' id='word_1_120' title='bbox 2260 4201 2539 4259; x_wconf 87' lang='lat' dir='ltr'><strong>conatu</strong></span> <span class='ocrx_word' id='word_1_121' title='bbox 2591 4180 2982 4261; x_wconf 86' lang='lat' dir='ltr'><strong>contendit</strong></span> <span class='ocrx_word' id='word_1_122' title='bbox 3024 4236 3041 4255; x_wconf 91' lang='lat'><strong>.</strong></span> <span class='ocrx_word' id='word_1_123' title='bbox 3098 4178 3339 4257; x_wconf 88' lang='lat' dir='ltr'><strong>Suum</strong></span> <span class='ocrx_word' id='word_1_124' title='bbox 3391 4176 3523 4255; x_wconf 87' lang='lat' dir='ltr'><strong>ita-</strong></span> 
     </span>
     <span class='ocr_line' id='line_1_20' title="bbox 826 4276 3520 4382; baseline 0.001 -29"><span class='ocrx_word' id='word_1_125' title='bbox 826 4296 976 4375; x_wconf 90' lang='lat' dir='ltr'><strong>que</strong></span> <span class='ocrx_word' id='word_1_126' title='bbox 1028 4276 1424 4358; x_wconf 87' lang='lat' dir='ltr'><strong>confilium</strong></span> <span class='ocrx_word' id='word_1_127' title='bbox 1482 4281 1869 4360; x_wconf 90' lang='lat' dir='ltr'><strong>nonnullis</strong></span> <span class='ocrx_word' id='word_1_128' title='bbox 1922 4304 2015 4360; x_wconf 86' lang='lat' dir='ltr'><strong>ex</strong></span> <span class='ocrx_word' id='word_1_129' title='bbox 2068 4279 2521 4382; x_wconf 88' lang='lat' dir='ltr'><strong>primoribus</strong></span> <span class='ocrx_word' id='word_1_130' title='bbox 2573 4281 2909 4361; x_wconf 89' lang='lat' dir='ltr'><strong>civitatis</strong></span> <span class='ocrx_word' id='word_1_131' title='bbox 2952 4336 2978 4379; x_wconf 95' lang='lat'><strong>,</strong></span> <span class='ocrx_word' id='word_1_132' title='bbox 3031 4276 3166 4358; x_wconf 87' lang='lat' dir='ltr'><strong>fibi</strong></span> <span class='ocrx_word' id='word_1_133' title='bbox 3220 4280 3520 4381; x_wconf 88' lang='lat' dir='ltr'><strong>piorum</strong></span> 
     </span>
     <span class='ocr_line' id='line_1_21' title="bbox 823 4375 3526 4485; baseline 0 -30"><span class='ocrx_word' id='word_1_134' title='bbox 823 4397 1135 4459; x_wconf 86' lang='lat' dir='ltr'><strong>morum</strong></span> <span class='ocrx_word' id='word_1_135' title='bbox 1184 4375 1675 4464; x_wconf 85' lang='lat' dir='ltr'><strong>fimilitudine</strong></span> <span class='ocrx_word' id='word_1_136' title='bbox 1725 4381 2036 4465; x_wconf 63' lang='lat' dir='ltr'><strong>addifi&#39;tis</strong></span> <span class='ocrx_word' id='word_1_137' title='bbox 2086 4381 2425 4483; x_wconf 85' lang='lat' dir='ltr'><strong>aperuit,</strong></span> <span class='ocrx_word' id='word_1_138' title='bbox 2470 4381 2745 4485; x_wconf 88' lang='lat' dir='ltr'><strong>quibus</strong></span> <span class='ocrx_word' id='word_1_139' title='bbox 2795 4407 2956 4465; x_wconf 89' lang='lat' dir='ltr'><strong>rem</strong></span> <span class='ocrx_word' id='word_1_140' title='bbox 2982 4380 3526 4484; x_wconf 85' lang='lat' dir='ltr'><strong>probantibus,</strong></span> 
     </span>
    </p>

    <p class='ocr_par' dir='ltr' id='par_1_9' title="bbox 969 4505 3417 4586">
     <span class='ocr_line' id='line_1_22' title="bbox 969 4505 3417 4586; baseline 0.004 -35"><span class='ocrx_word' id='word_1_141' title='bbox 969 4540 978 4551; x_wconf 84' lang='lat'><strong>.</strong></span> <span class='ocrx_word' id='word_1_142' title='bbox 1465 4509 1473 4515; x_wconf 96' lang='lat'>·</span> <span class='ocrx_word' id='word_1_143' title='bbox 3163 4505 3417 4586; x_wconf 85' lang='lat' dir='ltr'><strong>opem·</strong></span> 
     </span>
    </p>
   </div>
   <div class='ocr_carea' id='block_1_4' title="bbox 3823 31 3835 1375">
    <p class='ocr_par' dir='ltr' id='par_1_10' title="bbox 3823 31 3835 1375">
     <span class='ocr_line' id='line_1_23' title="bbox 3823 31 3835 1375; baseline 0 0"><span class='ocrx_word' id='word_1_144' title='bbox 3823 31 3835 1375; x_wconf 95' lang='lat' dir='ltr'><strong> </strong></span> 
     </span>
    </p>
   </div>
   <div class='ocr_carea' id='block_1_5' title="bbox 3824 1608 3833 2499">
    <p class='ocr_par' dir='ltr' id='par_1_11' title="bbox 3824 1608 3833 2499">
     <span class='ocr_line' id='line_1_24' title="bbox 3824 1608 3833 2499; baseline 0 0"><span class='ocrx_word' id='word_1_145' title='bbox 3824 1608 3833 2499; x_wconf 95' lang='lat' dir='ltr'><strong> </strong></span> 
     </span>
    </p>
   </div>
   <div class='ocr_carea' id='block_1_6' title="bbox 3825 2924 3833 3742">
    <p class='ocr_par' dir='ltr' id='par_1_12' title="bbox 3825 2924 3833 3742">
     <span class='ocr_line' id='line_1_25' title="bbox 3825 2924 3833 3742; baseline 0 0"><span class='ocrx_word' id='word_1_146' title='bbox 3825 2924 3833 3742; x_wconf 95' lang='lat' dir='ltr'><strong> </strong></span> 
     </span>
    </p>
   </div>
   <div class='ocr_carea' id='block_1_7' title="bbox 3822 3927 3835 5280">
    <p class='ocr_par' dir='ltr' id='par_1_13' title="bbox 3822 3927 3835 5280">
     <span class='ocr_line' id='line_1_26' title="bbox 3822 3927 3835 5280; baseline 0 0"><span class='ocrx_word' id='word_1_147' title='bbox 3822 3927 3835 5280; x_wconf 95' lang='lat' dir='ltr'><strong> </strong></span> 
     </span>
    </p>
   </div>
  </div>
 </body>
</html>
