3850 5317
424 387 474 454 'a
694 367 798 455 Da
858 371 1447 458 Monasnonro

386 516 582 625 accepisset
600 522 729 603 Abbas
749 522 908 624 Ughell.
931 523 1022 604 dum
1049 521 1091 604 in
1111 523 1305 641 Episcopis
1324 513 1551 698 Castellapis
1568 515 1746 638 Tomv.

381 626 577 808 llinis&
598 624 839 843 §strela
859 622 1749 844 llsltltllllllblibellulus
1873 765 1874 768 ψ

381 881 412 926 „
438 852 533 943 vero
552 827 661 942 Zeno
680 827 772 905 Dux
791 827 930 909 divina
950 851 1079 931 gratia
1102 856 1179 909 non
1201 830 1429 927 immemor,
1454 852 1530 929 qua
1549 846 1749 941 ingentem

383 983 411 1028 „
436 927 636 1007 uislortam
663 950 795 1007 contra
819 932 1023 1029 Janueuses
1048 932 1300 1031 obtinuerat,
1326 930 1537 1031 Templum
1564 925 1750 1005 Sanbltsli·

243 1049 250 1070 ²
382 1083 411 1131 ‚,
436 1056 508 1109 mae
531 1029 733 1111 Trinitatis
754 1030 977 1130 aedificavit,
1003 1059 1047 1114 ac
1069 1035 1299 1136 Templariis
1318 1032 1508 1113 militibus
1528 1028 1662 1110 multis
1683 1029 1751 1108 bo·

383 1183 413 1233 „
438 1131 521 1227 nis,
546 1130 584 1209 8(
611 1129 752 1226 juribus
773 1133 937 1213 ditatum
963 1136 1150 1217 contulit.
1166 1139 1199 1181 “
1257 1189 1261 1197 ·

349 1299 359 1320 .,
437 1237 575 1338 Quum
600 1254 729 1312 autem
742 1234 943 1316 Dandulus
969 1237 1056 1318 loco
1082 1238 1200 1319 citato
1214 1234 1444 1341 Manfionem
1457 1225 1751 1314 Alemannorum

382 1333 604 1415 &Domum
630 1334 841 1437 exprimat,
866 1337 929 1418 cui
951 1336 1231 1420 Monasterium
1252 1337 1395 1421 Saublae
1418 1334 1621 1416 Trinitatis
1647 1333 1752 1413 obla·

385 1457 469 1515 tum
497 1436 592 1535 fuir,
619 1436 786 1537 profesio
812 1466 890 1519 non
917 1441 1073 1522 obscure
1100 1443 1306 1543 significat,
1330 1463 1420 1520 anre
1445 1435 1631 1540 Raynerii
1651 1431 1751 1513 Zeni

387 1558 583 1654 tempora,
635 1537 675 1615 ui
702 1540 993 1620 annoMcctti.
1021 1545 1067 1621 ad
1093 1545 1242 1624 Ducale
1269 1543 1454 1643 fastigium
1483 1536 1635 1620 everius
1660 1534 1758 1630 suit,

307 1703 317 1718 .
385 1639 545 1740 Equites
584 1640 622 1716 T
653 1639 850 1720 euronicos
878 1644 1052 1723 Veneriis
1089 1646 1246 1724 domum
1285 1643 1506 1746 possedisse,
1540 1637 1582 1717 in
1608 1662 1683 1740 qua
1707 1636 1747 1715 8(

385 1740 561 1830 Comitia
588 1741 790 1819 Generalia
816 1741 1017 1843 aliquando
1045 1745 1284 1838 habuerunt3
1311 1768 1352 1823 ut
1374 1744 1481 1822 affert
1503 1740 1636 1820 Simon
1647 1738 1749 1816 Cru-

388 1842 528 1920 novius
551 1839 678 1918 Trasl.
692 1866 727 1918 v.
754 1840 890 1923 soloo.
911 1845 956 1923 de'
980 1846 1205 1927 succeslione
1219 1847 1490 1948 Magisttotum
1501 1839 1747 1923 Generalium

388 1944 480 2022 Ord.
505 1940 764 2022 Theutonici:
791 1947 818 1991 “
827 1944 987 2046 Eleslut
1001 1947 1052 2026 esl
1064 1949 1306 2029 Hermannus
1317 1948 1362 2029 de
1374 1947 1500 2026 Saltza
1512 1947 1629 2023 Auno
1645 1967 1752 2020 1210.

384 2042 537 2143 „obiit
563 2064 691 2124 aurem
714 2046 831 2130 Anno
858 2073 963 2128 1221.
991 2052 1084 2152 Quo
1111 2050 1189 2150 ipso
1215 2077 1316 2130 anno
1341 2065 1595 2130 convocatum
1614 2041 1667 2122 est
1679 2045 1753 2121 Ve-

384 2198 413 2244 ‚‚
438 2144 793 2258 netiasCollegium
806 2148 991 2249 Equitum
1014 2152 1106 2228 Ord.
1118 2149 1158 2229 T
1161 2152 1263 2234 heut.
1284 2152 1358 2231 sive
1380 2170 1422 2227 ur
1443 2147 1562 2246 vulgo
1585 2163 1749 2240 vocant,

385 2300 412 2344 ‚‚
438 2247 666 2348 Capitulum
691 2251 891 2347 generale3
918 2252 984 2329 ubi
1006 2252 1117 2333 scissis
1138 2253 1178 2333 in
1200 2254 1360 2334 diversas
1386 2268 1507 2352 partes
1529 2243 1752 2324 Eleblorum

385 2401 414 2446 „
441 2347 569 2430 studiis
595 2349 643 2427 ab
669 2349 786 2427 altera
812 2372 918 2451 parre
943 2352 1086 2433 eleetos
1112 2355 1163 2434 est
1194 2352 1412 2435 Ludovicus
1436 2377 1458 2427 a
1487 2348 1671 2450 Quedeu:
1697 2346 1748 2426 rb

383 2503 411 2546 „
437 2450 554 2529 altera
575 2473 670 2528 vero
689 2451 878 2532 Henticus
897 2453 947 2531 <2
969 2457 1015 2534 de
1038 2457 1235 2536 Hoenloe.
1262 2457 1455 2536 Caeterum
1470 2447 1749 2529 HenricoTre·

383 2602 412 2650 ‚‚
437 2550 530 2630 viris
556 2575 634 2629 non
661 2550 715 2629 ita
741 2550 857 2653 longe
884 2553 965 2654 post
985 2560 1184 2658 abrogatus
1205 2558 1256 2637 est
1278 2553 1548 2654 Magistratus,
1573 2547 1745 2629 substitu-

383 2704 413 2749 ‚,
436 2669 571 2752 rusque
595 2653 724 2754 Poppo
744 2652 791 2734 de
812 2653 991 2736 Osterna.
1019 2661 1065 2738 ln
1090 2683 1260 2740 extrema
1283 2657 1437 2737 tandem
1459 2649 1605 2734 scaeua
1623 2650 1746 2734 rursus

381 2806 409 2851 „
435 2753 481 2832 ad
503 2752 716 2834 Heoricum
747 2756 793 2835 de
815 2756 990 2839 Hoenloe
1021 2762 1245 2842 devolutum
1267 2756 1320 2838 est
1350 2755 1577 2857 imperium.
1600 2751 1744 2834 Desun-

380 2905 409 2952 ,‚
435 2852 496 2933 eto
523 2852 603 2956 post
639 2855 719 2936 baee
751 2859 947 2944 Ludovico
973 2863 1019 2942 de
1049 2863 1495 2964 Quedeu‚Ann.1222.
1523 2853 1664 2938 elesius
1688 2850 1741 2933 est

381 3009 411 3053 ‚‚
436 2956 639 3072 Conradus
664 2957 798 3041 Hassiae
825 2962 1099 3063 Landgravius.
1713 3054 1721 3071 ⁸
1807 2987 1811 2998 ·

434 3060 592 3159 Optime
618 3060 793 3160 congruit
815 3065 969 3143 Author
988 3062 1179 3144 Chronici
1205 3061 1345 3144 Latino
1370 3062 1542 3144 sermone
1568 3058 1635 3138 sub
1661 3057 1741 3137 Ρη·

379 3158 518 3275 derico·
544 3161 647 3239 Duc.
679 3162 762 3239 Sax.
798 3164 836 3243 8(
868 3164 973 3268 Mag.
1008 3165 1154 3244 Prussia
1191 3164 1354 3267 scripti,
1390 3165 1457 3268 qui
1495 3168 1575 3243 hac
1601 3161 1735 3242 babet:

381 3313 410 3360 ‚,
438 3263 521 3362 Qut
558 3260 831 3358 (Bernhatdus
856 3292 878 3345 a
899 3267 1149 3347 Schuvenden
1171 3264 1185 3364 )
1210 3293 1301 3348 cum
1329 3268 1415 3350 satis
1440 3264 1585 3368 optime
1612 3262 1737 3342 Duca-

379 3415 408 3461 „
433 3383 516 3444 tum
541 3363 714 3444 Veneriis
741 3389 811 3445 vti.
833 3369 943 3449 annis
970 3367 1166 3464 tenuisset,
1193 3369 1319 3450 nescio
1345 3393 1422 3471 quo
1451 3364 1585 3468 spiriru
1603 3360 1738 3443 dubius

377 3518 409 3563 „
432 3488 497 3579 per
523 3489 625 3545 mare
654 3467 846 3568 navigavit
869 3469 909 3548 in
929 3476 1123 3567 Arcamo,
1150 3469 1278 3572 ibique
1299 3470 1471 3553 officium
1494 3463 1738 3568 Magistratus

377 3619 406 3665 ‚,
431 3567 487 3643 sui
513 3564 740 3667 refignavit‚
774 3568 1003 3672 licentiaque
1029 3574 1184 3651 obtenta
1210 3572 1250 3651 in
1278 3574 1464 3653 Ordinem
1477 3571 1512 3649 S.
1523 3564 1677 3670 loannis
1703 3565 1737 3641 se

375 3720 404 3764 „
429 3667 590 3768 recepit.
619 3672 750 3772 Quem
777 3692 904 3751 tamen
929 3670 1051 3771 postea
1077 3672 1274 3773 penituisse
1301 3673 1497 3776 legimus,
1522 3671 1560 3749 8(
1585 3665 1733 3768 religio

375 3822 404 3868 „
431 3794 519 3849 uem
546 3767 684 3850 iterum
710 3772 879 3875 petivisse
901 3799 914 3863 3
939 3773 999 3849 sed
1028 3772 1253 3873 petitionem
1281 3802 1361 3855 non
1386 3771 1591 3866 obtinuit,
1616 3769 1655 3848 8(
1681 3768 1733 3846 ita

369 3923 399 3970 ,‚
424 3870 614 3952 anxietate
640 3896 850 3973 praeventus
871 3874 993 3952 carnis
1009 3874 1180 3957 debitum
1199 3876 1312 3955 solvit
1339 3875 1380 3952 in
1400 3873 1558 3953 Rhodos
1580 3872 1703 3953 Insula
1714 3926 1736 3966 .,

424 3972 572 4053 Illustre
599 3973 726 4076 itaque
751 3975 793 4052 in
814 3971 1005 4053 maritima
1026 3980 1119 4058 urbe
1136 3974 1378 4057 domicilium
1399 3995 1489 4055 cum
1511 3973 1734 4076 polliderent

307 4138 312 4154 .
376 4075 526 4176 equitet
546 4074 782 4154 Theutonici
809 4071 947 4153 fabium
974 4076 1027 4156 ell
1052 4105 1155 4159 anno
1175 4077 1360 4156 Mccnc,
1397 4097 1441 4156 ut
1477 4072 1734 4156 obsidentibus

367 4175 648 4258 Ptolemaidam
661 4175 875 4271 Saracenis,
901 4178 1047 4278 equites
1066 4177 1253 4279 religiosi,
1277 4177 1343 4279 qui
1366 4176 1406 4259 in
1428 4202 1472 4257 ea
1493 4180 1586 4260 urbe
1607 4172 1733 4256 sedent

370 4276 561 4377 fixerant,
589 4303 676 4358 cum
705 4276 778 4356 sese
804 4276 992 4358 immenso
1017 4281 1181 4364 hostium
1208 4279 1400 4382 apparatui
1436 4278 1598 4378 impares
1623 4303 1644 4364 a

360 4376 542 4473 sterent,
569 4402 615 4460 eit
625 4376 763 4459 obsessa
774 4375 931 4459 civitate
953 4380 1070 4484 elapsi
1095 4405 1171 4461 una
1197 4407 1286 4464 cum
1308 4381 1476 4485 ipsorum
1495 4300 1735 4557 magoloiffi

1470 4549 1476 4564 .
1557 4505 1607 4582 tgr
1638 4501 1683 4557 ro
