3850 5317
431 322 875 440 simeonium
910 376 976 433 on
1008 339 1278 438 Sannaus
1417 371 1469 456 13

163 503 325 588 'interea
339 513 472 587 annua
500 505 701 585 solutioni-s
723 503 936 584 Seminario
959 506 1151 606 Venetoa
1172 504 1427 608 Regularibus
1446 503 1533 602 jam·

166 607 280 687 didlis
305 607 516 687 Canonicis
544 607 771 708 exequendae
797 605 843 684 ad
870 605 987 684 finem
1009 607 1214 707 vergebat,
1238 626 1463 710 quapropter
1484 629 1534 686 ne

166 708 216 787 in
243 708 412 810 pristinas
439 710 494 789 rei
521 709 715 787 familiaris
740 704 926 808 angustias
952 707 1013 808 pia
1040 706 1229 788 institutio
1256 710 1461 801 recideret,
1487 706 1534 784 de
1565 790 1567 792 ,

169 810 250 907 ejus
275 809 560 891 conservatione
587 809 773 889 sollicitus
798 809 1044 909 praelaudatus
1070 809 1254 889 Clemens
1278 806 1453 890 Pontifex
1472 805 1534 888 da·

170 911 220 992 tis
245 912 306 990 die
328 935 407 990 xvi.
430 911 661 1025 Septembris
679 909 953 990 annoMovlc.
979 908 1203 1007 Apostolicis
1223 910 1361 989 litteris
1383 907 1535 1005 statuit,

164 1033 216 1091 ·ut
236 1008 359 1090 eidem
383 1013 589 1092 seminario
615 1034 670 1090 tot
695 1008 872 1111 beneficia
896 1004 1148 1189 Ecclesiastico
1173 1039 1283 1110 quom
1335 1036 1383 1088 ne
1416 1005 1533 1086 narni

168 1140 220 1194 ne
244 1135 562 1212 nuncuparentur,
587 1139 737 1214 quornm
764 1108 928 1189 redditus
955 1140 978 1188 a
1032 1112 1223 1211 summam
1249 1039 1355 1200 misle
1388 1109 1535 1189 ducato-

105 1270 110 1274 -
163 1242 254 1293 ‚rum
281 1210 512 1316 ascenderet,
537 1215 768 1294 authoritate
794 1211 1012 1312 Apostolica
1039 1234 1220 1322 perpetuo
1245 1213 1467 1309 unirentur,
1493 1211 1532 1290 &

173 1315 531 1418 incorporarentur,
554 1317 606 1394 ita
633 1336 674 1393 ut
686 1313 830 1404 {liceret
840 1309 1002 1411 ejusdem
1013 1312 1214 1391 seminarii
1225 1312 1435 1391 Refloribns
1451 1334 1531 1411 pro·

166 1415 256 1517 pria
282 1416 500 1497 annornm
524 1412 778 1516 beneficiorum
805 1414 971 1515 ipsorum
998 1413 1252 1516 poss'effionem
1279 1414 1532 1517 apprehende·

174 1544 239 1614 re,
266 1520 303 1598 8<
329 1519 492 1598 retinere
518 1520 532 1620 f
546 1517 628 1615 H).
1509 1592 1518 1607 ,

224 1620 299 1699 His
325 1620 477 1700 statutis⁴
495 1619 670 1698 Pontifex
696 1646 799 1700 anno
822 1620 995 1722 sequenti
1010 1621 1151 1700 Move.
1172 1618 1234 1698 die
1247 1643 1290 1698 11.
1313 1614 1533 1719 JuniiPrio-

161 1741 298 1800 ratum
316 1721 360 1800 ·S.
385 1722 542 1821 Julianae
569 1722 682 1801 Villae
704 1722 875 1818 Urbani,
902 1750 945 1802 ac
972 1721 1045 1801 alia
1070 1725 1147 1801 duo
1175 1719 1358 1801 beneficia
1392 1716 1533 1822 stmpli·

104 1905 110 1910 .
165 1823 258 1919 cia,
282 1849 364 1925 quae
388 1846 496 1902 erant
524 1823 657 1925 posita,
681 1826 843 1903 alterum
869 1824 1026 1935 quidem
1051 1819 1269 1923 inEcclesia
1291 1818 1534 1917 deTribano,

161 1924 337 2005 alterum
365 1951 455 2007 veto
482 1925 523 2004 in
550 1925 715 2005 Ecclefia
736 1922 782 2003 de
802 1920 1040 2023 Comglinnn,
1064 1952 1146 2027 qua
1172 1925 1248 2003 duo
1278 1926 1361 2003 loca
1388 1921 1535 2002 Patavi·

157 2051 235 2104 ”nae
261 2025 446 2107 Dioecefis,
469 2025 608 2106 finibus
635 2028 905 2121 continentur,
932 2029 1084 2105 Veneto
1111 2025 1320 2105 Seminario
1351 2045 1532 2126 perpetuo
1642 2070 1658 2090 ι
1746 2081 1750 2098 r

174 2127 374 2223 attribuit,
410 2128 704 2208 &consociavit
733 2128 842 2229 (1).
874 2129 933 2206 Eo
960 2128 1097 2207 deinde
1123 2153 1254 2222 anno,
1291 2153 1333 2206 ac
1361 2124 1531 2225 sequenti

169 2226 217 2306 ad
243 2228 451 2329 Apostolici
489 2229 630 2308 decreti
667 2255 841 2328 normam
869 2228 1087 2308 Ludovicus
1113 2229 1290 2308 Taberna
1326 2227 1533 2327 Episcopus

165 2330 371 2408 ¹Laudenfis
398 2327 623 2428 Apostolicae
657 2328 875 2428 Legationis
910 2330 1008 2428 apud
1036 2331 1204 2408 Venetos
1240 2352 1380 2406 munus
1416 2353 1532 2426 ageos

161 2457 312 2510 -novem
340 2428 523 2509 beneficia
561 2427 741 2529 simplicia
767 2428 807 2506 in
837 2428 1100 2509 Patriarchalis
1130 2427 1330 2508 Seminarii
1366 2427 1448 2527 jura
1473 2428 1534 2508 de·

165 2531 316 2628 duxit,
347 2552 461 2632 atque
486 2528 597 2608 simili
635 2530 779 2629 prorsus
815 2530 931 2606 rnodo
956 2529 1150 2608 Antonius
1176 2528 1304 2609 Maria
1330 2528 1534 2610 Gratianus

168 2633 377 2733 Episcopus
396 2629 625 2723 Amerinus,
648 2631 717 2731 qui
740 2631 926 2709 Taberna
946 2629 987 2708 in
1008 2630 1226 2730 Legationis
1247 2629 1376 2709 officio
1398 2631 1534 2714 succes

136 2734 292 2830 derat,
317 2732 392 2812 alia
426 2729 513 2811 otto
552 2731 690 2832 pariter
725 2729 908 2832 simplicia
946 2732 1129 2812 beneficia
1168 2731 1291 2812 eidem
1319 2730 1532 2814 Seminario

93 2907 114 2920 „
174 2829 423 2934 ensinjunuae
450 2831 516 2912 fibi
544 2831 734 2932 potestatis
760 2857 917 2912 munere
943 2832 1172 2930 adjudicavit
1183 2835 1218 3014 {p
1268 2833 1303 2928 ).

170 3005 175 3014 .
205 2938 314 3015 -Haec
335 2936 426 3014 dum
452 2955 640 3035 aguntur,
666 2933 853 3033 contigit,
880 2953 920 3011 ut
933 2933 1086 3014 illustris
1108 2936 1180 3014 San
1222 2934 1531 3020 isstntacTrinita·

172 3037 222 3148 tir
248 3034 437 3138 Equestris
465 3035 799 3116 Theutonicorum
827 3035 983 3115 Ordinis
1012 3037 1234 3133 Prioratus‘,
1269 3062 1377 3137 quem
1402 3047 1532 3130 Perna
1659 3093 1663 3098 ·

159 3141 392 3236 Ltpomnnns
405 3130 577 3215 *Clericus
602 3133 644 3216 in
669 3132 923 3214 commendam
952 3132 1003 3215 ad
1026 3134 1104 3233 ejus
1128 3135 1254 3217 viram
1279 3167 1326 3217 ex
1351 3129 1534 3240 contefflo·

15 3217 41 3286 b
168 3266 224 3329 ne
249 3234 477 3353 Apostolica,
501 3235 589 3318 dnm
615 3237 791 3335 uiueret,
815 3234 1029 3348 obtinebat,
1054 3265 1279 3340 ann01592·
1299 3262 1369 3338 per
1393 3237 1534 3320 obitum

164 3338 271 3434 nitri
295 3352 399 3421 Peter
426 3363 597 3423 vacaret-0
937 3394 942 3402 ·
1248 3413 1250 3416 ,

226 3444 324 3528 Eam
351 3443 478 3545 itaque
515 3443 614 3524 nafli
651 3444 973 3547 opportunitatem
1011 3443 1212 3527 Seminarii
1239 3442 1453 3540 Redimet,
1488 3459 1560 3538 ut,

173 3545 365 3630 Prioratus
392 3545 467 3644 ipse
494 3545 617 3626 soluto
644 3548 767 3649 pretio
803 3550 850 3628 ad
876 3547 1078 3628 Seminatii
1103 3547 1369 3646 eresiionem,
1404 3546 1442 3624 8(
1468 3542 1534 3622 ali-

176 3648 348 3729 moniam
375 3646 648 3748 assignaretur,
682 3649 938 3751 ‘Apostolicam
975 3651 1112 3732 Sedem
1147 3671 1372 3731 exorarunt.
1409 3645 1529 3747 Justas
1626 3675 1635 3686 „

172 3749 469 3853 supplicantium
495 3774 623 3865 preces
658 3750 905 3832 libentissimo
930 3753 1061 3833 animo
1086 3751 1234 3854 excepit
1257 3748 1453 3844 Pontifex,
1479 3747 1533 3827 id·

171 3875 249 3953 que
274 3851 372 3953 apud
401 3849 716 3934 Maximilianum
742 3852 907 3935 enatum
925 3854 1093 3936 Poloniae
1118 3858 1264 3954 Regem
1286 3908 1299 3950 ,
1335 3853 1372 3932 8(
1393 3853 1533 3930 Theu-

176 3954 298 4035 tonici
325 3952 480 4033 Ordinis
507 3979 572 4054 per
598 3953 843 4033 Germaniam
869 3956 906 4036 dc
933 3957 1083 4037 ltaliam
1107 3954 1291 4056 Magistro
1360 3951 1463 4055 egit,
1488 3967 1531 4029 ut

174 4075 239 4153 pro
264 4051 591 4152 dienerinnen,
626 4055 777 4158 ejusque
804 4054 947 4155 juribus
973 4079 1116 4149 certam
1143 4075 1264 4159 pecun
1344 4056 1533 4134 summam

176 4155 378 4257 reciperet.
406 4156 883 4260 Pontificiaeproposttioni
909 4160 1089 4239 assensum
1117 4157 1274 4259 praebuit
1297 4155 1533 4236 Maximilia·

175 4283 276 4354 nus,
301 4258 504 4360 eledisque
527 4256 598 4338 bac
623 4254 665 4335 in
689 4287 728 4338 re
754 4258 1016 4361 Commiffnriis
1051 4259 1101 4340 (Τ
1127 4256 1421 4339 Procuratoridus
1455 4278 1531 4332 am·

177 4357 382 4466 plissimam
406 4360 459 4445 eis
485 4359 704 4445 facultatem
731 4359 946 4468 impertitus
972 4361 1055 4464 eli,
1081 4383 1124 4444 ut
1150 4361 1193 4442 in
1217 4359 1319 4464 dicio
1347 4359 1536 4535 Ppioratus

236 4515 253 4540 ¹·
1399 4480 1484 4537 ene-
