3850 5317
415 380 806 475 &sarnatus
839 382 1277 477 Ascalonita·
1363 396 1458 499 337

164 538 318 638 {ciem
348 538 483 655 puella
508 538 698 656 abscissam
720 534 849 657 expuit
875 593 889 635 ‚
914 534 1038 643 sicque
1063 539 1101 620 8(
1126 537 1328 620 libidinem
1353 541 1521 622 membri
1560 594 1564 603 =

65 670 78 678 ··
163 695 192 741 ,0
217 642 346 755 dolore
373 662 561 740 extinxit,
585 644 622 724 8(
649 644 824 747 pellrcrm
851 641 873 720 'a
898 643 944 760 se·
964 644 1023 723 rai
1050 642 1205 759 horrore
1226 641 1442 723 deterritam
1464 642 1521 723 fu·

162 763 356 941 Ξὲανιῑ,
393 744 507 824 Tunc
535 749 745 863 Imperator
780 771 801 823 e
835 746 948 825 molli
982 745 1164 826 culcitral
1180 744 1370 823 sublatum
1398 745 1439 824 in
1465 746 1518 826 le·

256 868 319 921 um
345 843 467 959 acutis
492 846 627 946 gladns
638 845 930 949 circumseptum
956 845 1094 942 conjici
1114 846 1243 947 jubet,
1267 868 1317 926 err
1335 846 1514 948 quoillu-

161 998 190 1043 „
212 943 272 1024 sus
292 946 369 1061 Der
392 969 535 1029 virtute
561 951 723 1031 evadens
748 949 978 1051 quingentos
1004 948 1130 1045 viros,
1154 946 1222 1050 qui
1243 946 1284 1027 iu
1294 947 1493 1028 Christum
1504 990 1530 1045 ‚·

161 1098 191 1144 „
217 1070 263 1160 eo
289 1050 690 1135 miraculo-commoti
711 1109 725 1149 ‚
750 1052 1022 1150 crediderant,
1047 1049 1287 1154 baptizavit.
1314 1044 1444 1152 Quare
1470 1052 1520 1129 ab

163 1200 194 1246 ‚‚
218 1167 317 1226 rraro
344 1151 578 1266 Imperatore
605 1156 762 1257 pedibus
788 1154 959 1255 suspendi
996 1155 1141 1255 jubet,
1177 1152 1217 1231 dr
1250 1150 1359 1230 fumo
1394 1153 1522 1232 subter

158 1300 188 1346 „
213 1247 311 1363 sabio
337 1249 557 1355 summati,
592 1284 635 1341 ac
663 1255 847 1337 truncatis
872 1258 1031 1359 pedibus
1057 1253 1228 1358 suspendi
1254 1253 1407 1354 jubetur
1431 1282 1440 1333 ε
1474 1253 1516 1335 8(

157 1402 186 1449 ,,
210 1352 300 1447 mdc
312 1355 360 1435 ab
370 1358 523 1471 Angelo
546 1357 724 1456 edusius,
752 1358 883 1443 omnia
910 1359 948 1439 ei
974 1361 1145 1439 membra
1166 1355 1341 1435 restituta
1360 1356 1469 1434 sunt.

209 1502 239 1556 2,
265 1456 467 1573 Accerfitrs
494 1481 671 1560 praterea
698 1460 880 1552 veneficis
905 1463 1155 1563 Imperator,
1190 1458 1431 1537 mortiferum
1458 1479 1521 1535 ve·

156 1605 185 1656 „
211 1582 356 1675 uenum
375 1561 525 1643 Nrcetae
551 1563 829 1665 propinandum
854 1563 1099 1665 praeparavitr
1118 1585 1260 1640 uerum
1286 1558 1393 1662 signo
1417 1558 1518 1638 Cru-

159 1710 188 1757 „
215 1658 394 1751 cissasio
419 1689 558 1778 ‚cum
586 1689 781 1753 venenum
808 1665 1012 1766 inaquam
1040 1683 1322 1747 commutatum
1349 1660 1405 1740 nil
1432 1661 1521 1739 San·

157 1811 187 1859 ,‚
211 1759 275 1839 dio
295 1759 465 1864 Martyrr
491 1765 700 1864 nocuisset,
726 1766 887 1849 venefici
913 1792 1066 1870 quoque
1091 1762 1237 1845 Christi
1262 1763 1378 1845 fidem
1404 1762 1523 1841 susce·

153 1914 186 1959 ,‚
213 1886 329 1961 pere,
350 1862 388 1942 8(
412 1888 503 1979 cum
529 1892 576 1981 eo
603 1868 741 1968 pariter
766 1869 809 1947 in
835 1893 1027 1949 carcerem
1056 1876 1124 1968 pro
1145 1865 1312 1964 ejusdem
1333 1862 1421 1945 fidei
1432 1886 1536 1945 con-.-

158 2013 187 2059 ,‚
214 1960 364 2043 seffione
390 1965 555 2064 conpede
576 1969 685 2048 sunt.
713 1973 807 2070 Quo
833 1971 921 2048 loco
947 1969 1080 2048 multis
1107 1966 1207 2046 fulsit
1233 1966 1453 2061 miraculis,
1472 1988 1518 2042 ac

155 2115 187 2160 ,,
213 2064 468 2181 Damonem,
491 2068 559 2185 qui
569 2069 605 2148 se
617 2068 911 2170 eiinAugelum
924 2069 1020 2153 lucis
1032 2068 1385 2162 transformaverat,
1410 2064 1515 2145 devi-

155 2212 187 2263 ,‚
210 2186 286 2283 cit.
315 2168 521 2257 Mortuum
547 2170 722 2272 insuper,
748 2191 790 2249 ut
818 2170 954 2275 iniquo
978 2169 1077 2271 Regi
1103 2169 1188 2271 Jesu
1215 2165 1361 2249 Christi
1386 2186 1520 2269 poten·
1639 2192 1644 2199 ·

155 2314 184 2360 a
209 2284 306 2382 tram
330 2269 627 2369 demonstraret,
652 2272 699 2351 ad
725 2271 847 2365 vitam
873 2273 1070 2352 revocavit
1097 2328 1107 2349 .
1135 2275 1233 2372 Qua
1250 2268 1392 2349 'omnia
1419 2265 1520 2347 nihi·

154 2417 194 2479 ”r
213 2366 381 2455 lominus
408 2372 566 2489 magicis
591 2374 737 2455 artibus
764 2376 973 2475 Tyrannus
998 2372 1231 2453 adscribebat
1253 2412 1270 2449 .·
1290 2370 1432 2449 Niceta
1457 2390 1522 2446 ve·

153 2521 183 2567 ,⁰
208 2496 254 2550 ro
281 2470 327 2553 de
353 2477 529 2589 manibus
565 2474 644 2574 ejus
681 2497 870 2578 ereptus,
906 2472 1198 2578 quamplurimis
1234 2471 1280 2553 ad
1306 2466 1451 2553 Christi
1476 2466 1521 2546 li·

154 2622 184 2669 ,,
209 2571 298 2653 dem
321 2574 541 2690 perdullis,
574 2578 729 2657 demum
762 2577 803 2655 in
826 2578 1002 2657 Domino
1033 2575 1181 2679 quievit
1208 2573 1328 2676 pridie
1351 2572 1436 2650 idus
1456 2568 1521 2648 Se·
1543 2636 1550 2680 p

152 2724 183 2770 „
210 2677 424 2792 ptembr1s3
451 2676 543 2774 Erus
563 2679 716 2781 Corpus
762 2678 861 2759 oslea
884 2677 1066 2773 Venerius
1087 2676 1310 2760 translatum
1331 2670 1410 2752 Dei
1437 2695 1520 2773 pto-

152 2826 183 2872 „
207 2776 380 2893 yrdentra
405 2803 447 2856 m
458 2779 625 2861 Ecclesia
645 2705 775 2867 Sanlii
785 2781 993 2884 Raphaelis
1013 2779 1216 2862 conditum
1241 2776 1294 2858 est
1319 2770 1518 2857 miraculis

151 2926 182 2973 2,
206 2903 250 2957 sn
277 2879 355 2958 dres
376 2881 594 2975 coruscans.
697 2954 699 2961 r
1128 2950 1132 2959 .
1483 2964 1490 2980 ,

133 3036 139 3065 2
203 2980 373 3075 „Tunc
400 2979 634 3059 Beatissrmus
660 2983 801 3062 Niceta
838 2986 1011 3081 hilaris,
1047 2985 1085 3066 8(
1118 2984 1285 3085 gaudens
1307 2977 1369 3056 >'de
1406 2992 1515 3056 tanta

123 3078 825 3196 f„Christianorummultitudine,
851 3087 1028 3187 pracepit
1055 3108 1119 3185 per
1145 3086 1230 3165 loca
1256 3075 1441 3162 Ecclelias
1467 3074 1517 3154 ad

149 3181 394 3299 „bonorem
431 3182 469 3261 8(
494 3182 656 3283 gloriam
684 3183 850 3262 Domini
877 3185 993 3265 nostri
1019 3186 1105 3286 Jesu
1131 3183 1278 3262 Christi
1317 3178 1440 3275 fieri,
1476 3176 1517 3256 8(
1584 3176 1591 3185 ’

149 3329 180 3377 ,,
205 3284 490 3386 transmigravit
516 3284 563 3362 ad
591 3285 807 3364 Dominum
833 3285 1062 3366 duodecimo
1084 3282 1146 3363 die
1168 3283 1388 3365 introeunte
1409 3302 1517 3357 meu-

150 3432 180 3480 2,
206 3385 243 3463 se
264 3386 494 3500 Septembris
520 3386 581 3464 die
608 3387 762 3466 Sabbati
790 3387 884 3466 hora
910 3390 1034 3467 sexta.
1061 3383 1184 3481 Cujus
1204 3402 1442 3484 corpuscurn
1453 3377 1515 3458 de·

153 3528 185 3582 5,
208 3507 403 3603 votione,
439 3486 477 3564 8(
503 3488 595 3566 fletu
622 3487 697 3567 viri
721 3487 904 3591 Religiosr
933 3489 1144 3583 tulerunt,
1179 3485 1217 3565 8(
1255 3484 1445 3565 duxerunt
1473 3478 1517 3558 in

153 3627 189 3683 ,,·
209 3588 444 3702 cultatem.
473 3587 670 3689 Deposrtio
694 3611 822 3669 autem
850 3590 929 3689 ejus
952 3590 1072 3670 fuerat
1100 3588 1141 3668 in
1167 3586 1307 3669 finibus
1330 3583 1516 3665 Nicome-

138 3710 181 3783 Ἀ,
206 3691 300 3787 dra,
325 3689 749 3805 &deposueruntfeum
767 3692 869 3771 inter
881 3692 1060 3793 reliquias
1070 3686 1292 3770 Sandorum
1305 3676 1515 3785 Paphnutii

152 3838 182 3883 ,,
205 3791 424 3894 Caralapn,
449 3791 724 3896 Euphimiani‚
750 3793 921 3891 Alieni,
946 3794 984 3872 8(
1011 3789 1224 3873 bonifatii.
1252 3785 1404 3869 Deinde
1433 3807 1515 3885 pro·

78 3914 82 3921 ·
152 3940 182 3987 2,
207 3896 304 3972 celsu
331 3894 513 3994 temporis
549 3894 831 3974 devotissimum
864 3922 1000 3999 corpus
1026 3921 1091 3997 per
1117 3889 1315 3993 religiosos
1345 3888 1516 3965 Venetos

151 4038 183 4085 ‚2
208 3995 471 4111 deportatum,
497 3996 534 4075 8(
560 3997 801 4080 reconditum
827 3996 901 4078 suit
929 3996 1141 4113 hoporilice
1167 3993 1208 4072 in
1235 3987 1402 4071 Ecclesia
1420 3987 1515 4067 Sau-
1651 4043 1655 4057 .

156 4141 184 4186 n
208 4093 260 4207 sir
279 4096 484 4199 Raphaelrs
510 4099 704 4197 miraculis
730 4101 874 4178 clarens
901 4094 1265 4177 innumerabilibus.
1292 4092 1343 4171 Et
1366 4089 1412 4170 ad
1432 4087 1515 4192 glo·

156 4243 185 4288 u
209 4218 329 4306 riam,
353 4200 391 4276 8(
417 4199 742 4313 magnificentiam
760 4198 851 4279 diui
875 4196 999 4278 Sanbli
1022 4198 1188 4279 scribens
1214 4195 1294 4275 hac
1315 4191 1437 4273 fidelis
1458 4213 1513 4267 re·

157 4342 185 4389 „
210 4310 363 4404 ertator¹
382 4299 599 4378 testificatur
634 4304 670 4395 se
707 4303 749 4382 in
786 4328 887 4387 anno
915 4299 1080 4381 Domini
1109 4300 1359 4379 Mccccxxvr.
1397 4291 1435 4366 8(
1459 4287 1513 4368 se«

152 4441 182 4494 2,
205 4412 341 4577 quezrrtu
363 4394 555 4572 seridille
575 4386 748 4500 puella‘m
773 4401 977 4507 quamdam
990 4399 1197 4573 {luerim
1216 4389 1371 4477 diocesis
1395 4410 1530 4483 vexa„

217 4590 226 4608 z
298 4519 367 4599 ama
418 4550 428 4573 ι
1051 4520 1096 4575 u⁴
1329 4542 1357 4591 η
1383 4508 1464 4577 tam
