3850 5317
483 395 536 484 16
735 385 1466 479 Damouras-raro

417 535 504 618 inde
520 531 649 639 salar,
675 559 722 613 ex
748 536 865 611 altera
892 558 984 651 vero
1021 536 1228 622 Nicolaum
1254 544 1521 624 Contarennm
1561 546 1789 649 Principem·

416 667 533 720 manu
561 663 668 716 noua
694 633 869 712 Ecclesiae
896 636 1098 717 aedificium
1125 640 1330 740 figmntem
1354 645 1608 745 representant
1630 649 1700 729 hac
1722 651 1782 729 in·

413 740 616 841 scriptione
642 736 919 816 circumdatum
943 732 1098 818 nicolao
1124 747 1328 822 contareno
1353 744 1525 844 Principe
1549 757 1705 829 senatus
1729 778 1783 829 ere

416 866 504 921 noro
528 842 738 918 Mocxxxr.
766 837 943 953 Lapidem
972 839 1076 919 hunc
1103 842 1179 921 alio
1206 845 1328 946 lapide
1357 845 1498 925 tedium
1525 849 1629 929 calce
1656 852 1778 930 obdu·

419 962 556 1024 xerunt
583 940 704 1019 seniot
730 938 978 1018 Consrlrarius
1004 941 1041 1019 8<
1069 943 1307 1041 Patriarcha,
1333 948 1470 1047 quibus
1496 947 1567 1028 rite
1595 949 1685 1032 asiis
1706 973 1780 1032 ter·

419 1047 510 1226 piusf
524 1042 611 1121 inde
635 1038 730 1219 ὲςρῐς
757 1039 1100 1220 subperimponitur‚
1126 1045 1190 1123 cui
1217 1046 1372 1148 peracla
1398 1047 1454 1129 rei
1470 1050 1656 1132 memoria
1681 1053 1779 1135 inci-

439 1171 461 1226 a
506 1163 608 1224 uerat
665 1168 694 1220 rs
721 1162 786 1219 ver
814 1164 866 1221 rs:

928 1294 1022 1396 ‚u
1075 1295 1124 1372 o.
1177 1275 1238 1372 Μ.

471 1519 499 1564 ‚‚
525 1461 637 1543 Divae
666 1457 799 1539 Maria
826 1455 964 1536 Salutis
987 1455 1108 1534 Matri
1136 1454 1294 1557 Templi
1321 1453 1526 1534 aedificandi
1547 1456 1593 1536 ad
1609 1457 1778 1559 pestilen-

421 1567 567 1665 „tiam
603 1559 901 1660 extinguendam
935 1558 1094 1635 Senatus
1130 1581 1177 1637 ex
1204 1582 1298 1636 voto
1325 1557 1468 1656 primus
1505 1554 1569 1638 hic
1596 1559 1689 1661 lapis
1725 1562 1777 1642 est

416 1672 587 1765 „Anno
612 1661 1011 1742 Dominilllocxxxr.
1039 1681 1127 1736 xxv.
1156 1657 1291 1760 Martii
1318 1659 1476 1738 Urbano
1487 1660 1596 1739 Vlll.
1618 1664 1778 1744 Summo

290 1764 297 1775 “
419 1824 452 1867 ‚,
476 1766 658 1944 P9¹¹¹lfi0⁰
696 1762 862 1843 Nicolao
887 1762 1113 1841 Contareno
1150 1761 1261 1842 Duce
1297 1760 1441 1862 Joanne
1469 1760 1678 1865 Theupulo
1715 1767 1780 1844 Pa·

422 1924 450 1968 ‚,
476 1891 589 1948 trrarc
620 1893 661 1944 a.

475 1968 730 2070 Magnificum
756 1992 851 2069 opus
877 1991 919 2044 sn
944 1963 1050 2065 cujus
1086 1963 1341 2047 fundamentis
1369 1965 1553 2070 ponendis
1588 1967 1678 2048 anni
1703 1968 1781 2048 duo

420 2073 593 2167 fluxere,
618 2095 706 2149 cum
734 2071 779 2148 ad
804 2067 1042 2156 Balthassaris
1065 2067 1285 2167 Longhena
1310 2070 1562 2248 archetypum
1598 2069 1780 2149 ornatiffi·

418 2198 483 2252 me
510 2172 816 2273 progrederetur,
844 2169 992 2270 jamque
1018 2194 1097 2247 non
1123 2168 1238 2270 longe
1263 2196 1285 2248 a
1306 2172 1360 2249 sui
1375 2198 1437 2272 per
1453 2170 1602 2251 ediione
1622 2173 1782 2270 abesset,

418 2273 592 2353 Patribus
616 2272 938 2372 Congregationis
964 2269 1174 2349 Somascha
1201 2273 1247 2352 de
1267 2272 1474 2351 Catholica
1486 2272 1694 2373 religione,
1720 2274 1780 2353 de·

415 2402 494 2478 que
522 2377 672 2455 Veneta
697 2373 907 2475 Republica
933 2372 1079 2472 optime
1107 2373 1253 2453 meritis
1280 2398 1327 2451 ex
1352 2374 1578 2475 amplissimo
1603 2375 1640 2453 S.
1660 2376 1708 2454 C.
1720 2377 1782 2456 de·

399 2499 527 2570 ,creto
554 2476 736 2556 traditum
764 2474 835 2553 suit
863 2501 963 2553 anno
992 2475 1177 2552 Mncrvr.
1205 2475 1265 2552 die
1293 2502 1384 2554 vero
1411 2499 1515 2552 xxm.
1543 2476 1677 2556 mensls
1704 2479 1782 2557 De·

417 2578 580 2660 'cembris
599 2575 719 2674 (Μ).
746 2574 1022 2653 Sanslilsrmum
1034 2576 1215 2655 Virorum
1230 2575 1678 2658 institutumsundauerat
1690 2579 1781 2657 Hie·

417 2704 602 2783 ronymus
612 2677 841 2756 AEmilianus
855 2676 1030 2755 Patritius
1042 2679 1236 2775 Venetus,
1261 2678 1293 2757 is
1304 2703 1418 2780 quern
1432 2705 1551 2780 nuper
1572 2682 1623 2760 ob
1637 2679 1781 2781 pracla-

415 2808 458 2863 η
480 2782 666 2861 virtutum
689 2777 824 2857 merita
835 2778 1037 2856 Beatorum
1057 2776 1155 2858 fastis
1174 2777 1358 2880 adscripsit
1371 2780 1709 2860 BenedidluleV.
1720 2807 1784 2861 cu·

383 2911 389 2920 “
405 2884 471 2987 jus
481 2882 634 2986 quidem
647 2878 812 2984 parentis
821 2878 958 2980 optimi
980 2878 1160 2980 pietatem
1172 2882 1392 2960 aemulantes
1404 2881 1565 2982 religiosi
1577 2881 1667 2977 filii,
1688 2908 1779 2963 cum

416 3007 551 3089 prater
561 3005 693 3063 catera
703 2980 930 3061 Christiana
943 2982 1205 3061 misericordia
1224 3007 1400 3079 munera,
1417 2984 1715 3064 adolescentibus
1736 2984 1779 3065 in

416 3085 646 3168 scientiis&
673 3084 782 3163 bonis
808 3083 978 3164 moribus
1004 3082 1242 3162 instituendis
1269 3087 1666 3185 egregiamnavarent
1688 3112 1779 3187 ope·

416 3215 523 3286 ram,
544 3187 686 3267 ibidem
711 3186 750 3264 in
761 3184 999 3266 Sandlillima
1012 3183 1213 3262 Trinitatis
1224 3186 1436 3266 Seminario
1448 3188 1606 3268 Venetis
1616 3188 1782 3267 Clericis

308 3333 313 3340 ·
414 3290 584 3370 humana
610 3289 814 3390 divinaque
835 3287 1004 3367 dodlrina
1025 3284 1241 3365 excolendis
1268 3287 1429 3388 praesedi
1450 3288 1618 3370 fuerant.
1647 3291 1778 3370 Tanto

389 3390 546 3493 ,itaque
574 3416 733 3471 munere
758 3385 1086 3490 audlaSomascba
1096 3388 1357 3489 Congregatio
1379 3390 1652 3492 noviCollegii
1672 3416 1778 3471 exor-

416 3493 481 3574 dia
506 3492 719 3594 disposuit,
746 3491 987 3594 primumque
1025 3486 1206 3588 religiosa
1246 3491 1333 3573 adis
1368 3492 1532 3595 lapidem
1554 3493 1691 3595 ‘posuit
1715 3491 1777 3572 die
1815 3493 1828 3506 ‘

412 3618 518 3675 xvn.
545 3593 740 3673 februarii
776 3620 876 3674 anno
911 3594 1107 3671 Mocrxx.
1144 3592 1308 3690 Ioannes
1334 3594 1553 3675 Franciscus
1581 3597 1780 3676 Mauroce·

414 3723 488 3776 nus
513 3695 725 3775 Patriarcba
748 3696 1016 3777 Veneriorum.
1044 3691 1200 3791 Adjeera
1220 3720 1371 3798 quoque
1397 3695 1550 3777 suerunt
1576 3696 1673 3776 &in
1694 3695 1778 3775 sun·

416 3798 606 3877 damentis
631 3797 801 3899 disposita
828 3795 1074 3896 Superiorum
1100 3796 1427 3899 congregationis
1455 3800 1546 3888 iussu
1573 3798 1645 3880 tria
1672 3819 1806 3884 retu-e

415 3897 469 3979 sta
496 3899 746 3996 numismata,
772 3918 934 4000 quorum
963 3921 1084 3976 unum
1111 3900 1407 3999 Redemptorem
1436 3900 1688 3998 Dominum,
1725 3899 1778 3978 al·

418 4020 545 4080 terum
556 4028 647 4081 vero
661 4001 861 4104 Virginem
875 3999 1069 4096 Matrem,
1096 3999 1427 4102 tertiumdenique
1439 4000 1507 4084 has
1518 4002 1664 4083 litteras
1682 4004 1718 4082 S.
1727 4001 1776 4080 G.

414 4101 670 4183 exhibebant.
697 4104 809 4183 Alius
835 4100 970 4180 deinde
998 4102 1091 4203 lapis
1119 4102 1420 4204 superimpofitus
1442 4103 1538 4203 suit,
1563 4106 1626 4186 cui
1651 4103 1779 4186 excul-

368 4255 381 4278 ,
414 4225 479 4307 pta
502 4204 693 4284 visebatur
720 4203 799 4284 bac
826 4201 1049 4304 epigraphe:
1076 4209 1185 4280 Anno
1203 4211 1306 4300 1670.
1333 4201 1394 4284 dr'e
1414 4203 1607 4285 Februarii
1622 4236 1677 4304 17.
1704 4214 1780 4286 Do·

414 4303 551 4385 minim
580 4314 784 4385 contareno
803 4310 926 4384 Vener.
953 4313 1060 4385 Duce
1077 4313 1233 4406 Joanne
1250 4304 1445 4407 Francisco
1466 4316 1688 4390 Manroceno‘
1709 4317 1780 4385 Pa·

409 4403 598 4494 marcha.
625 4409 710 4490 Nec
738 4407 864 4488 multo
891 4405 973 4514 post
999 4404 1200 4511 magnifica
1225 4407 1362 4491 domus
1386 4409 1559 4510 emerfit‚
1586 4431 1671 4591 tuni}
1696 4406 1781 4525 aedi·
1829 4412 1839 4434 ‘

1672 4535 1724 4593 cu
