3850 5317
759 233 763 290 r

762 299 774 332 r
864 323 870 332 .

461 391 513 480 ‘4
732 345 1474 459 nomentanum

410 573 443 619 ,,,
468 537 570 605 tato:
597 520 670 601 Sed
696 522 734 603 8(
758 541 845 603 ante
865 519 1173 621 Fenchtuvangii
1201 540 1371 623 tempora
1396 543 1486 601 cum
1505 510 1680 617 Magistri
1704 516 1790 600 Ge·
1878 603 1880 608 ,
1918 505 1920 508 ’

415 675 445 720 „
471 621 615 703 natales
637 623 809 703 Venetia
836 623 1076 716 habitarent,
1102 624 1349 703 Germaniam
1367 620 1442 702 stne
1464 618 1584 700 dubio
1604 644 1668 721 per
1692 620 1788 701 Ma·

415 776 445 820 „
470 724 602 824 gistros
629 725 886 805 Provinciales
911 722 1239 804 administrarunt.

468 828 513 903 ln
543 827 690 912 Veneta
717 825 843 926 itaque
869 824 1111 905 Sandiillimae
1133 824 1337 904 Trinitatis
1357 824 1473 903 domo
1491 821 1694 902 Conradus
1715 823 1791 904 ali-

416 950 493 1026 quo
532 946 702 1028 tempore
730 926 939 1027 Magisterii
967 927 1101 1005 Sedent
1140 926 1286 1027 posuit,
1322 949 1421 1004 cum*
1439 947 1531 1001 vero
1557 923 1671 1023 paulo
1699 925 1789 1025 post

391 1024 458 1103 ·in
484 1026 709 1106 bohemiam
736 1030 771 1107 se
798 1028 1036 1125 contulisset,
1062 1050 1277 1106 extremum
1303 1025 1406 1105 diem
1433 1026 1557 1125 Ptegae
1578 1024 1713 1105 clausn
1737 1052 1790 1106 eo

416 1127 496 1229 ipso
523 1155 655 1227 anno,
692 1131 733 1208 in
764 1128 871 1227 cujus
897 1131 1026 1208 locum
1055 1130 1202 1229 equites
1229 1126 1404 1206 Veneriis
1440 1124 1661 1226 congregati
1690 1127 1787 1206 Ma·

415 1254 536 1328 gnum
572 1229 768 1331 religionis
796 1227 1022 1331 Magistrum
1060 1233 1256 1330 elegerunt
1291 1227 1787 1341 Gotsridumllobenloe.

415 1330 517 1427 Hic,
542 1331 557 1427 (
578 1354 620 1410 ut
646 1331 800 1411 testatur
828 1333 981 1410 Author
1006 1331 1197 1412 Chronici
1217 1330 1354 1410 Latine
1379 1330 1448 1408 sub
1469 1328 1662 1408 Fttderico
1692 1329 1786 1409 scri·

412 1430 505 1534 pti)
533 1433 708 1532 Elbingae
734 1433 775 1510 in
803 1432 968 1510 Boruslra
995 1435 1134 1532 degens
1160 1432 1266 1511 oneri
1293 1428 1554 1524 renuntiavit,
1579 1456 1652 1527 qua
1677 1430 1782 1530 reffl-

409 1524 593 1630 gnatioie
613 1532 724 1634 sada
759 1533 959 1633 (sequitur
996 1536 1126 1612 Petrus
1152 1533 1395 1633 Dusbnrgius
1431 1532 1523 1610 Ord.
1563 1530 1785 1612 Teutonici

413 1635 593 1714 Sacerdos
620 1634 661 1713 in
688 1635 754 1713 luo
782 1633 1018 1731 Chronico)
1054 1629 1188 1712 alenus
1213 1632 1297 1734 suit
1323 1630 1456 1735 [latim
1482 1626 1619 1710 ibidem
1645 1638 1790 1712 Frater

411 1731 595 1834 sigfridus
620 1732 666 1813 de
691 1733 1006 1834 Feucbtuvangen
1032 1733 1073 1811 in
1101 1744 1172 1812 Ma
1196 1733 1323 1838 istrum
1340 1730 1583 1829 Generalem,
1608 1730 1671 1832 qui
1699 1730 1785 1812 ivit

411 1835 540 1951 verstri
564 1833 734 1915 Venerius
758 1835 809 1915 ars
833 1835 982 1915 domum
1002 1764 1270 1933 principaiem.
1297 1837 1406 1914 Dum
1433 1861 1525 1914 vero
1551 1859 1673 1914 novus
1702 1836 1784 1916 Re·

410 1935 572 2037 ligronis
598 1938 731 2018 Praeses
758 1938 932 2018 Veneriis
958 1940 1061 2040 agit,
1087 1938 1283 2017 Gotsridus
1308 1937 1393 2015 fatti
1416 1935 1586 2034 penitens
1603 1934 1785 2017 Venetiae

405 2035 547 2137 petiit,
573 2061 615 2117 ut
637 2036 901 2140 Magistratum
925 2039 971 2117 vi
996 2038 1197 2137 obtineret,
1223 2038 1265 2116 in
1292 2035 1424 2115 itinere
1461 2061 1584 2115 autem
1611 2060 1782 2120 mortuus

410 2141 483 2241 est.
510 2140 596 2220 Post
622 2141 702 2220 haec
728 2143 755 2185 “
765 2148 875 2218 Anno
887 2137 1043 2220 Domini
1058 2143 1239 2219 Mcccrx.
1262 2140 1338 2238 (ita
1352 2139 1591 2238 Dusburgius
1604 2159 1697 2238 part.
1710 2163 1781 2220 ιιι.

409 2292 440 2337 „
463 2266 542 2343 cap,
556 2240 665 2343 297.)
693 2244 822 2328 Frater
848 2239 1019 2321 Siffridus
1045 2244 1091 2320 de
1113 2246 1417 2343 Wucguvangen
1444 2242 1549 2339 Mag.
1576 2242 1784 2322 Generalis

408 2394 439 2439 „
467 2365 538 2421 ιιι.
565 2343 602 2423 8(
629 2364 736 2423 terra
764 2343 950 2422 Proschiae
974 2343 1156 2444 Magister
1178 2367 1274 2422 xvrt.
1303 2344 1410 2421 venit
1436 2343 1482 2419 ad
1509 2364 1647 2421 terram
1671 2342 1781 2422 Prus-

408 2496 441 2539 „
467 2443 524 2522 fia:
549 2443 586 2522 8(
610 2445 770 2523 domurn
797 2443 1069 2546 principalem,
1095 2471 1177 2545 quae
1203 2471 1224 2522 a
1251 2467 1420 2545 tempore
1442 2442 1703 2530 destrtrdiionis
1726 2444 1779 2524 ci·

408 2596 438 2640 „
465 2544 594 2623 vitatis
616 2546 849 2625 Achonenfis
869 2547 988 2625 fuerat
1010 2548 1106 2646 apud
1129 2548 1308 2627 Venetias
1330 2544 1517 2624 transtulit
1538 2545 1584 2621 ad
1595 2542 1778 2625 Castrum

408 2698 436 2738 „
465 2644 728 2748 Mergcnburg
752 2646 793 2725 in
817 2647 1046 2725 Prusliam“.
1084 2648 1176 2726 Haec
1198 2647 1328 2726 omnia
1348 2674 1370 2723 a
1392 2644 1553 2725 Venetis
1571 2644 1721 2745 Scripto
1742 2644 1776 2725 i·

408 2746 481 2824 bus
505 2749 583 2827 alto
611 2746 762 2827 silentio
787 2749 1023 2848 praetermissa
1050 2748 1321 2828 accuratiffime
1348 2768 1544 2847 exponunt
1583 2672 1772 2847 supralais·

405 2846 486 2925 dati
515 2847 664 2927 Pruffici
693 2848 922 2952 Scriptores,
946 2851 1013 2948 qui
1040 2877 1099 2930 res
1123 2850 1239 2951 gestas
1268 2848 1506 2928 Theutonici
1527 2848 1619 2927 Ord.
1646 2847 1687 2926 in
1716 2849 1773 2927 lu·

397 2972 494 3027 ¹cem
520 2953 779 3050 protulerunt.
810 2954 925 3030 Porro
950 2953 1136 3029 Ordinem
1165 2953 1266 3029 hunc
1293 2950 1585 3031 celeberrimum
1612 2950 1653 3026 in
1678 2949 1773 3028 Hie·

406 3049 680 3151 rosolymitana
707 3055 801 3131 urbe
826 3053 1013 3152 originem
1038 3050 1204 3131 lrabuille
1235 3050 1390 3130 testatur
1411 3077 1484 3152 prae
1514 3048 1657 3130 caeteris
1684 3050 1775 3130 Ma·

406 3148 513 3230 rinus
538 3154 700 3232 Sanutus
728 3153 923 3233 Torsellus
950 3154 1129 3232 Patritius
1154 3156 1327 3232 Venetus
1352 3154 1392 3231 in
1418 3154 1481 3230 sna
1508 3149 1673 3234 llilioria
1699 3149 1773 3231 lib.

299 3269 301 3273 ’
404 3271 470 3329 ιιι.
507 3277 598 3354 part.
611 3277 682 3332 νιι.
705 3263 872 3357 lcaptu.
911 3282 991 3357 quae
1020 3259 1064 3334 ad
1091 3255 1235 3334 calcem
1268 3254 1384 3352 libri,
1407 3254 1471 3334 cui
1496 3252 1630 3332 titulus
1655 3254 1773 3355 Gesta

402 3349 481 3433 Dei
498 3376 568 3452 per
592 3364 773 3454 Francos,
801 3357 943 3437 Parisiis
969 3358 1070 3436 edita
1096 3355 1189 3450 fuit.

451 3457 642 3558 Quamvis
668 3480 796 3537 autem
823 3459 992 3560 suprema
1016 3456 1262 3557 Magistratus
1286 3456 1470 3558 dignitate
1491 3450 1668 3534 destituta
1694 3480 1765 3535 cae·

401 3558 504 3659 perit
528 3583 576 3638 ex
602 3585 650 3638 eo
678 3581 850 3661 tempore
873 3563 1008 3639 domus
1036 3561 1185 3637 Veneta
1219 3558 1256 3637 8(
1292 3559 1466 3660 equitum
1492 3580 1690 3652 nurnero,
1725 3555 1766 3634 8(

401 3658 541 3739 decore
567 3687 644 3740 non
673 3686 805 3764 parurn
832 3660 1036 3756 imminui,
1061 3659 1227 3739 Ecclesia
1253 3680 1381 3740 tamen
1403 3655 1762 3738 DelficaTrinitati

395 3757 523 3839 dicata
540 3783 685 3860 propter
704 3760 863 3867 copiosas
879 3756 1135 3860 Indulgentiae
1160 3758 1291 3841 ordini
1312 3760 1419 3840 dina
1438 3754 1604 3860 Ecclefiae
1624 3766 1762 3837 asum

398 3857 471 3938 mis
490 3860 728 3964 Pontificibus
752 3860 918 3944 indultas
943 3863 1113 3943 maximo
1135 3865 1317 3946 concursu
1332 3852 1507 3961 fideliam
1521 3859 1764 3958 personarum

398 3958 724 4064 frequentabatur.
761 3970 822 4047 Ex
847 3965 893 4045 iis
919 3967 1099 4045 nonnulli
1126 3966 1179 4066 pii
1206 3963 1278 4043 viri
1305 3961 1521 4042 sodalitium
1558 3964 1605 4041 ad
1638 3962 1759 4040 hono

394 4085 480 4143 rem
504 4066 742 4149 Sanbiiffimae
768 4071 805 4149 8(
831 4065 1036 4148 individua
1059 4064 1265 4146 Trinitatis
1284 4060 1441 4145 statuere
1462 4063 1657 4165 cupientes
1678 4063 1759 4141 De·

395 4167 613 4249 eemviralis
624 4168 995 4252 Connliidecreturn
1015 4195 1117 4250 anno
1130 4169 1366 4247 Mccccxnr.
1379 4167 1653 4266 impetrarunt,
1678 4189 1762 4266 quo

394 4265 465 4346 fibi
491 4266 648 4351 facultas
672 4270 957 4372 impertiebatur
982 4272 1025 4350 in
1045 4268 1209 4351 Ecclesia
1233 4271 1407 4350 Fratrum
1419 4265 1761 4383 Theutonicorum

398 4366 614 4457 sodalitium
639 4371 887 4472 instituendi,
910 4398 958 4454 eo
983 4371 1218 4476 potissimum
1241 4373 1415 4470 intuitu,
1436 4391 1479 4452 ut
1505 4395 1552 4471 tn
1568 4371 1678 4482 cultu
1688 4365 1761 4448 Ds-

1607 4491 1711 4552 vtum
