3850 5317
472 366 562 464 ys·
722 347 826 433 Da
887 337 1455 426 Monisrearo

411 511 510 617 (Β).
540 505 795 586 monumenta
816 494 931 576 etiam
954 493 1000 570 ad
1023 489 1143 592 ipsum
1166 487 1445 572 Monasterinm
1465 486 1669 590 spenantia
1690 509 1762 588 tra

410 614 532 704 didit,
558 631 640 705 quae
661 623 789 680 tamen
814 600 874 673 vel
898 618 1115 695 temporum
1139 589 1309 687 injuiiis,
1337 592 1398 670 vel
1421 591 1626 672 hominum
1648 597 1764 676 ineu-¹

412 717 468 797 ria
496 707 715 808 perierunt.
742 695 1003 777 Concesssonis
1029 691 1322 774 instrumentum
1348 690 1410 772 cui
1438 714 1569 792 praetet
1594 696 1765 796 superius

414 813 609 895 laudatum
640 805 854 893 Abbatem,
880 796 1049 895 aliosque
1080 793 1210 887 telles,
1237 793 1527 893 subscripserunt
1553 796 1671 873 etiarn
1699 798 1766 874 Pa·

418 910 583 995 triarcha
610 899 831 994 Gradenfis,
856 898 893 976 8(
922 899 1014 974 Dux
1042 895 1325 988 venetiarum,
1355 894 1395 971 in
1423 893 1591 993 publicas
1618 897 1769 978 tabulas

413 1010 559 1108 redegit
586 1029 685 1082 anno
717 1029 819 1100 ¹¹09·
851 998 983 1077 Mense
1009 995 1205 1074 Februarii
1234 995 1349 1072 Ursus
1364 993 1486 1073 Presb.
1507 995 1680 1093 &Not.,
1701 991 1770 1076 cui

418 1137 519 1194 anno
546 1124 632 1186 cum
661 1100 912 1181 indidiionem
936 1121 998 1176 111.
1037 1095 1254 1197 apposuisset
1293 1092 1487 1173 maniselio
1512 1118 1664 1197 apparet
1690 1124 1770 1176 mo

418 1240 461 1302 re
490 1207 639 1287 Veneto
664 1199 964 1301 computandum
994 1201 1093 1290 else,¹
1113 1194 1293 1295 siquidem
1322 1195 1460 1274 mensis
1487 1197 1685 1277 Februarii
1704 1225 1769 1300 anf

423 1311 594 1406 ni'1109.
617 1307 794 1382 Romano
815 1326 921 1379 more
945 1298 1156 1376 lndiuione
1184 1325 1238 1374 ιι.
1262 1295 1446 1395 signatur.

227 1433 231 1460 ²
342 1463 349 1480 r
474 1409 588 1491 AEdes
614 1428 659 1483 ex
689 1402 868 1500 temporis
897 1401 1079 1477 vetustate
1106 1397 1350 1494 fatiscentes,
1387 1425 1435 1477 ne
1463 1397 1624 1499 ipsarum
1650 1400 1773 1494 ruinis

419 1512 724 1616 opprimerentur
750 1500 1088 1595 Sanstimnniales,
1112 1524 1194 1599 quae
1222 1523 1341 1599 nuper
1367 1522 1413 1576 ex
1441 1500 1553 1581 maris
1575 1501 1773 1582 alluvione

423 1613 639 1701 evaseram,
666 1629 687 1682 a
713 1601 971 1680 fundamentis
1000 1626 1070 1679 aere
1098 1599 1248 1701 proprio
1275 1600 1448 1677 renovari
1462 1599 1775 1682 mandavitfami·

293 1724 295 1728 ’
425 1715 477 1805 lia
503 1709 705 1787 Chalbana
726 1757 739 1797 ,
764 1727 847 1802 quae
875 1702 990 1800 paulo
1016 1723 1126 1778 antea
1152 1724 1199 1778 ex
1225 1697 1540 1801 Justinopolitana
1561 1703 1672 1782 Urbe
1700 1705 1782 1798 Ve-

415 1811 548 1896 ‚nerias
575 1806 805 1898 accesserat,
840 1827 975 1902 easque
1014 1801 1054 1879 in
1081 1801 1304 1902 ampliorem
1343 1799 1502 1880 formam
1539 1802 1705 1884 redactas
1731 1799 1779 1883 ad

426 1930 658 2014 opportunos
694 1901 1048 1982 sanuimonialium
1085 1905 1171 1980 usus
1196 1902 1522 1980 accommodavit.
1549 1903 1777 2005 Longissimi

426 2010 608 2110 temporis
636 2002 753 2084 tradiu
770 2002 1148 2108 Monalieriumhoc
1175 2002 1272 2080 rexit
1301 2003 1558 2104 supralaudata
1571 2005 1687 2102 Vita,
1714 2032 1779 2084 cu·

427 2115 484 2215 jus
512 2112 640 2209 Nepos
676 2104 747 2183 fuit
775 2104 903 2182 Guido
942 2103 1149 2204 Marangus
1190 2102 1323 2183 tertius
1355 2103 1449 2182 olim
1485 2103 1779 2188 Canonicorurn

427 2208 678 2327 Regularium
706 2208 746 2283 in
774 2204 939 2292 Ecclesia
965 2206 1001 2283 S.
1030 2205 1234 2283 Salvatoris
1263 2203 1401 2300 Prior,
1436 2230 1478 2284 ac
1506 2205 1641 2285 deinde
1665 2207 1779 2286 Civi-

427 2335 521 2394 tatis
543 2312 666 2389 Novoe
690 2305 930 2407 Episcopus,
956 2307 1100 2406 dequo
1122 2306 1161 2383 in
1184 2309 1309 2404 Opere
1342 2305 1414 2385 hoc
1445 2307 1593 2385 mentio
1617 2308 1779 2387 habetur

369 2411 389 2424 “’
433 2416 548 2492 Tom.
582 2438 636 2486 ιι.
671 2409 823 2485 Decade
855 2436 937 2484 111.
973 2432 1052 2506 pag.
1082 2414 1163 2505 248.
1187 2407 1309 2484 Coetu
1346 2407 1473 2506 itaque
1510 2405 1780 2489 Sanatimoniass

431 2507 869 2596 liumelnethamauco
895 2507 1088 2585 inVeneti
1117 2507 1229 2606 stagni
1260 2506 1384 2584 Insula
1409 2503 1615 2586 constituto
1645 2509 1780 2589 Domi·
1827 2521 1830 2540 ¹
1897 2515 1899 2524 '

432 2613 541 2694 nicus
568 2610 772 2709 Episcopus
785 2607 1028 2706 clugiensm
1051 2607 1155 2704 cujus
1182 2605 1359 2685 meminit
1379 2607 1778 2709 ughelinClugiens.

433 2715 550 2792 Tum.
574 2737 609 2787 v.
632 2710 704 2787 col.
734 2716 839 2814 1348.
865 2709 956 2785 falso
987 2719 1165 2809 'reputans
1197 2732 1243 2786 ex
1276 2708 1603 2806 transmigratione
1629 2709 1780 2791 Monia·

434 2815 557 2908 lium,
582 2836 665 2910 qua
692 2809 788 2886 olim
816 2810 888 2888 suoe
914 2809 1053 2888 ditioni
1080 2808 1250 2907 subjediae
1276 2827 1405 2905 erant,
1433 2809 1527 2888 Divi
1547 2807 1698 2892 Servuli
1720 2815 1777 2891 lnl

431 2917 553 2995 sulam
575 2912 615 2987 in
628 2911 680 2987 sui
693 2910 947 2988 obedientiam
960 2911 1171 3005 devenisse,
1194 2911 1387 2988 adversum
1399 2910 1583 3009 Joannem
1598 2911 1780 2993 Polanum
1902 2947 1903 2950 ¹

434 3015 664 3114 Episcopum
691 3009 949 3089 Castellanum
979 3038 1045 3112 pro
1073 3009 1325 3108 jurisdisiione
1352 3011 1427 3089 loci
1455 3012 1598 3093 diutius
1620 3014 1780 3094 decerta·
1839 3061 1844 3074 ι

437 3115 521 3207 vit,
546 3112 607 3190 cui
631 3134 757 3189 tamen
780 3113 1001 3211 praesumpto
1034 3112 1131 3208 juri,
1151 3112 1409 3190 adnitentibus
1421 3113 1591 3193 Henrico
1604 3116 1780 3194 Dandulo

439 3213 656 3306 Patriarcha
682 3211 883 3309 Gradensr,
905 3214 1063 3318 aliisque
1086 3212 1254 3290 Venetia
1275 3213 1544 3315 Coepiscopis,
1569 3214 1704 3298 deinde
1729 3221 1784 3297 re'·

310 3385 313 3392 .
440 3315 630 3396 nunciasse
650 3315 927 3415 comperimus.
1758 3395 1777 3424 ,ι

490 3417 590 3495 Vitae
620 3418 820 3495 Abbatilsae
848 3419 909 3495 seu
938 3415 1182 3513 immediate,
1208 3420 1272 3498 seu
1299 3438 1342 3496 ut
1368 3419 1601 3521 probabilius
1627 3417 1782 3524 estpliis

435 3517 692 3599 mediantibus
714 3518 877 3597 successu
908 3522 1022 3596 altera
1045 3517 1207 3614 ejusdem
1237 3521 1374 3620 pariter
1396 3522 1564 3601 nominis
1588 3521 1679 3598 Vita
1707 3523 1783 3598 Ab

441 3621 605 3713 batilla,
631 3617 692 3708 cpi
715 3644 816 3696 anno
838 3618 997 3697 Domini
1021 3618 1165 3696 Mccv.
1190 3621 1316 3699 mense
1344 3623 1522 3722 Aprilis,
1550 3624 1679 3700 Petrus
1700 3617 1785 3696 Zia'·

440 3721 482 3799 ni
521 3715 746 3797 Arbenfrum
782 3721 926 3797 Comes
964 3718 1168 3797 Sebastiani
1206 3723 1328 3801 Ducis
1366 3723 1616 3802 Venetiarum
1651 3720 1786 3817 filius,

443 3819 510 3921 qui
536 3820 671 3897 deinde
693 3822 737 3896 ad
761 3821 909 3924 Ducale
933 3818 1117 3918 fastigium
1142 3822 1292 3901 evesius
1321 3822 1418 3918 suit,
1437 3825 1615 3925 quasdam
1630 3819 1816 3922 propriu,

443 3941 539 3998 rates
564 3943 766 4016 teramum,
791 3919 841 3997 (Τ
862 3915 1029 4017 casarum
1049 3921 1300 4017 petrinearum
1332 3920 1373 3999 in
1402 3923 1557 4026 confinio
1576 3931 1613 4001 S.
1623 3932 1660 4025 J
1661 3918 1786 4000 oannis
1902 3933 1903 4005 l

442 4017 489 4099 de
510 4018 628 4116 capite
647 4016 820 4098 Rivoahr'
850 4020 964 4120 pleno
998 4019 1074 4118 iure
1100 4023 1311 4121 concessu,
1348 4023 1483 4105 statuta
1510 4048 1636 4105 tamen
1663 4024 1786 4103 condi·
1826 4049 1833 4058 ·
1902 4007 1903 4098 ἒ

439 4118 573 4217 tione,
599 4144 639 4198 ut
667 4120 918 4199 anniversaria
944 4121 1011 4200 fibi
1039 4123 1289 4226 parentibus,
1315 4124 1563 4228 fratribusque
1590 4125 1674 4229 suis
1693 4126 1785 4244 cele·
1902 4127 1903 4194 ἶ

388 4280 390 4284 ,
434 4221 547 4308 ,brare
573 4243 757 4324 perpetuo
785 4242 1025 4303 tenerentur.
1053 4220 1140 4325 (C)
1583 4325 1655 4407 E,
1695 4326 1718 4406 d

1444 4381 1461 4388 t
1621 4353 1685 4409 xm
1720 4351 1758 4407 e·
