3850 5317
423 357 706 440 Onniuu
757 353 1195 438 Sancnouuu.
1334 386 1415 467 273

147 533 249 590 tutes
271 510 587 610 quasdamnanm
613 520 693 576 rem
719 497 963 580 domesticam
989 526 1187 603 curarent,
1212 505 1250 585 8(
1277 506 1500 612 Monasterii

138 611 270 690 „ufibns
295 613 509 712 mortuae
544 601 794 708 comparanda
830 603 1087 702 colligerent.
1119 607 1353 705 ¹Huiusmodi
1381 614 1498 696 admi·

145 708 448 800 nistrapnvaus
485 697 661 780 domibus
697 701 978 799 recipiebantur
1014 731 1090 784 non
1117 706 1193 788 stne
1219 711 1326 809 gravi
1354 705 1498 796 incomss

137 805 282 907 modo,
307 825 417 974 atque
446 798 633 895 impensa,
661 798 806 878 sortasse
830 804 948 882 etiam
977 832 1054 884 non
1083 807 1360 911 finc·regulatis
1379 817 1498 895 obser-

143 904 281 990 vantiae
305 912 482 997 natura,
516 899 730 977 tamenim
758 904 941 1003 religiosa
969 909 1132 1008 persona
1166 911 1230 989 diu
1258 916 1498 1017 multumque

136 1008 213 1101 ,sub
231 1001 340 1079 *tecto
367 1000 529 1087 saeculari
557 1001 724 1098 degunt,
750 1003 844 1101 quin
870 1007 1038 1107 aliquem
1065 1010 1495 1112 seculipulvetemcon.

140 1107 316 1191 trahant.
344 1102 467 1200 Capta
495 1100 612 1198 igitur
639 1123 849 1199 opportuna
871 1101 1088 1194 occasione,
1113 1115 1216 1198 quod
1237 1119 1404 1203 quadam
1419 1123 1493 1197 ve.

138 1233 228 1302 neta
257 1204 375 1302 Virgo
403 1228 543 1282 nomen
564 1200 801 1279 Cistercienst
830 1200 1002 1284 instituto
1015 1198 1156 1278 Sanno
1169 1203 1388 1305 Margarita
1403 1213 1496 1295 Tor.

138 1311 296 1394 cellano:
324 1304 460 1397 dedit,
497 1305 534 1382 8(
561 1303 601 1391 in
630 1301 855 1386 Monasletii
895 1301 974 1396 juta
1009 1301 1144 1385 domus
1181 1303 1259 1401 ejus
1284 1308 1325 1384 in
1353 1311 1495 1397 vicinia

35 1451 39 1456 ·
139 1409 366 1496 Sanelotnm
393 1403 562 1490 Getvasii
588 1404 626 1481 8(
653 1402 805 1480 Protasii
834 1401 950 1503 posita
978 1404 1175 1500 pervenit,
1203 1405 1397 1490 Mon-iales
1408 1416 1494 1496 San

138 1511 211 1598 ela
244 1508 459 1607 Margaritae
486 1501 669 1606 supplices
694 1505 846 1582 libellos
875 1504 1061 1603 Principis
1088 1503 1220 1605 pietati
1246 1511 1495 1615 obtulerunt,

138 1619 193 1696 ut
211 1612 277 1688 sibi
306 1612 435 1690 liceret
463 1610 560 1708 apud
586 1607 744 1682 eandem
771 1607 928 1684 domum
957 1608 1159 1685 nonnullas
1177 1605 1496 1698 alias‘domuucu-

132 1718 220 1808 las,
246 1715 283 1791 8(
309 1737 400 1788 area
427 1712 587 1806 spatium
613 1731 763 1801 emere,
791 1707 857 1787 ubi
878 1707 1092 1807 'hospitium
1119 1706 1160 1786 in
1189 1709 1495 1798 Monasietiifor-

137 1844 246 1900 mam
273 1814 482 1906 exigerent,
510 1807 550 1883 in
575 1833 701 1906 quoa
728 1808 982 1890 contubernio
993 1809 1225 1889 sacularium
1238 1813 1431 1913 sejunslae,
1456 1820 1495 1900 8(

138 1930 243 1997 tnta·
260 1909 376 2008 tecipi
406 1908 750 2005 pofftntffSorotes,
776 1935 858 2005 quac
885 1910 931 1992 ad
958 1934 1015 1998 tes
1043 1910 1266 1988 Monaslerii
1293 1913 1493 2013 procuran-

137 2020 205 2100 das
232 2013 478 2098 adventarent
506 2006 710 2099 Venetiae,
734 2009 773 2086 8(
799 2008 1037 2107 aliquantum
1064 2009 1316 2092 subsisterent.
1343 2021 1493 2100 Annuit

137 2113 382 2200 Monialium
407 2107 592 2211 ,precibus
630 2108 782 2209 publica
818 2110 1067 2207 authoritas,
1098 2135 1265 2211 ,cumque
1304 2144 1429 2218 aqua,
1454 2123 1493 2202 8(

137 2213 412 2300 convenientia
440 2210 616 2312 postulari
644 2212 826 2309 novisset,
853 2237 918 2313 per
942 2212 1137 2291 decretum
1166 2213 1206 2292 in
1235 2217 1375 2313 Maiori
1387 2222 1493 2300 Con·

136 2322 221 2403 silio
252 2320 371 2395 latum
398 2317 457 2392 die
486 2337 574 2392 v111.
602 2310 746 2413 Aprilis
772 2340 872 2392 anno
897 2315 1170 2392 ¹Memmium
1198 2315 1284 2414 (A)
1312 2318 1496 2419 sancivit,

135 2429 182 2500 ut'
208 2420 418 2517 adjacentes
445 2415 578 2494 domui
605 2415 828 2494 Monastetii
857 2416 1061 2509 aniculas„
1087 2413 1124 2492 8(
1151 2415 1362 2515 proximam
1391 2440 1497 2500 tertae

133 2549 267 2606 aream
295 2544 420 2597 emere
447 2520 622 2619 pollent,
659 2517 779 2618 iisque
817 2516 1017 2598 stationem
1046 2516 1286 2598 Monialibut
1322 2543 1496 2623 opportu-

131 2651 231 2706 nam
259 2618 525 2721 superstruere.
551 2617 753 2698 AEdisicato
779 2617 907 2718 itaque
934 2618 975 2696 in
1001 2619 1249 2716 religiosam,
1275 2621 1336 2699 sed
1363 2649 1494 2726 paupe-

134 2753 221 2812 tem
252 2723 412 2806 sormam
441 2720 637 2821 hospitio,
673 2719 775 2822 quod
810 2745 944 2819 magna
970 2743 1017 2798 ex
1045 2740 1147 2821 parte
1184 2721 1321 2819 ligneis
1357 2725 1497 2806 tabulis

141 2824 373 2918 conflabat,
407 2823 599 2904 nonnulla
637 2845 684 2901 ex
721 2819 1081 2910 Sanslimonialibus
1108 2821 1249 2901 Saucia
1276 2823 1496 2926 Margarita

137 2930 409 3016 ‚Torcellanae,
434 2923 509 3004 sive
536 2944 578 2999 ut
606 2922 843 3001 imminentis
870 2923 988 3006 ruinae
1015 2922 1226 3022 periculum
1238 2924 1495 3026 declinarent,

138 3031 216 3128 ssve
241 3025 410 3120 advenit
425 3021 735 3108 ,insalubritaten
756 3022 1084 3116 vitandam‚.ott0
1109 3025 1294 3122 omnino,
1319 3028 1495 3108 acaetetis

139 3130 366 3212 recesserunt
395 3125 538 3221 sociis,
564 3123 601 3200 8(
627 3124 671 3200 ad
700 3148 837 3202 novam
866 3125 1055 3204 Venetam
1091 3126 1248 3204 domum
1278 3130 1496 3209 assentiente

139 3231 329 3332 Mapbaeu
352 3227 521 3316 Geratdo
546 3225 795 3304 Venetiatum
825 3224 1039 3310 Battiarcha
1054 3225 1138 3302 sese
1165 3230 1432 3310 contulerunt.

137 3397 141 3404 -
174 3333 467 3431 tfiannnque
500 3328 782 3414 habitationem
819 3324 1246 3411 cvmsanctinoniales
1282 3332 1402 3409 veteri
1430 3332 1516 3411 suo*

137 3434 389 3518 monasteria
422 3434 685 3532 ptaestreodam
713 3432 1007 3536 cognovissent,
1041 3453 1261 3536 perpetuam
1286 3431 1341 3511 ibi
1368 3433 1493 3512 sedem

138 3535 311 3639 publica
330 3534 570 3614 authoritatis
582 3537 718 3613 assensu
730 3538 843 3637 figere
856 3538 1127 3632 decreverunt,
1153 3535 1496 3635 sacramqueaedem

138 3663 221 3733 eo,
245 3663 322 3734 quo
350 3633 401 3716 sas
427 3634 510 3714 suit.
526 3636 663 3730 m'odo,
689 3638 919 3734 ligneam&
945 3635 1138 3739 angustam
1166 3639 1234 3715 sub
1261 3636 1382 3714 Beata
1409 3635 1496 3714 Ma·

140 3739 209 3824 tiz
232 3736 432 3836 Virginis,
457 3736 494 3814 8(
519 3736 926 3818 'omniumSanslorum
952 3740 1197 3820 invocatione
1224 3737 1496 3835 extruxerunt,

144 3840 192 3918 ad
218 3839 324 3937 cujus
351 3837 504 3939 quidem
541 3838 663 3940 operis
689 3839 920 3918 incrementa
946 3842 1152 3939 plurimum
1180 3840 1346 3920 contulit
1372 3840 1495 3918 Coto·

140 3942 258 4020 atelle
285 3940 483 4042 marzana
506 3939 643 4038 pictae,
668 3966 773 4039 quaa,
799 3966 886 4019 cum
901 3940 1497 4042 MarioamfiliamsuamioTor'·

142 4041 346 4121 cellanensi
375 4042 607 4121 Monastetio
634 4043 709 4121 Dei
737 4042 939 4122 famulatui
962 4044 1133 4138 dicasset,
1159 4070 1247 4145 opes
1273 4068 1422 4145 quoque
1448 4039 1495 4120 acl

146 4140 378 4225 erectionem
405 4144 496 4223 novi
524 4143 747 4224 Monalletii
774 4141 1016 4226 libentissime
1043 4145 1216 4222 obtulit.
1242 4145 1494 4246 Congregatae

145 4242 277 4343 itaque
299 4243 607 4327 sanuimoniales
629 4246 832 4348 praliabita
854 4243 1099 4326 Patriatchali
1126 4243 1326 4343 facultate,
1350 4244 1399 4323 (9
1418 4241 1497 4354 8ρὶ-

147 4345 242 4427 ritus
267 4342 398 4421 ianm·
419 4348 546 4445 gratia
572 4347 779 4458 invocata,
807 4344 857 4454 nd
879 4346 1049 4435 bonorem
1075 4345 1150 4452 Dei
1169 4355 1398 4455 ,Beataegua
1422 4351 1497 4454 {str-

231 4454 361 4532 ,Tora
382 4449 421 4528 V.
759 4448 767 4458 ’
1023 4448 1126 4533 Mm
1347 4469 1446 4544 ganas
